Poker Hand #TM93390754: Tournament #5678775, $8 Satellite to GGMasters $150, 1 Seat Hold'em No Limit - Level15(2,000/4,000) - 2026/02/01 01:34:32
Table '1' 8-max Seat #3 is the button
Seat 3: 3142c00a (16,717 in chips)
Seat 7: Hero (133,283 in chips)
3142c00a: posts the ante 400
Hero: posts the ante 400
3142c00a: posts small blind 2,000
Hero: posts big blind 4,000
*** HOLE CARDS ***
Dealt to 3142c00a 
Dealt to Hero [3d Ad]
3142c00a: raises 12,317 to 16,317 and is all-in
Hero: calls 12,317
3142c00a: shows [Ks 5d]
Hero: shows [3d Ad]
*** FLOP *** [4h 8s 3h]
*** TURN *** [4h 8s 3h] [Td]
*** RIVER *** [4h 8s 3h Td] [9c]
*** SHOWDOWN ***
Hero collected 33,434 from pot
*** SUMMARY ***
Total pot 33,434 | Rake 0 | Jackpot 0 | Bingo 0 | Fortune 0 | Tax 0
Board [4h 8s 3h Td 9c]
Seat 3: 3142c00a (small blind) showed [Ks 5d] and lost with King high
Seat 7: Hero (big blind) showed [3d Ad] and won (33,434) with a pair of Threes


Poker Hand #TM93390752: Tournament #5678775, $8 Satellite to GGMasters $150, 1 Seat Hold'em No Limit - Level15(2,000/4,000) - 2026/02/01 01:34:13
Table '1' 8-max Seat #7 is the button
Seat 3: 3142c00a (25,117 in chips)
Seat 7: Hero (124,883 in chips)
3142c00a: posts the ante 400
Hero: posts the ante 400
Hero: posts small blind 2,000
3142c00a: posts big blind 4,000
*** HOLE CARDS ***
Dealt to 3142c00a 
Dealt to Hero [2s Kd]
Hero: raises 4,000 to 8,000
3142c00a: calls 4,000
*** FLOP *** [9c 9h Ac]
3142c00a: checks
Hero: bets 21,672
3142c00a: folds
Uncalled bet (21,672) returned to Hero
*** SHOWDOWN ***
Hero collected 16,800 from pot
*** SUMMARY ***
Total pot 16,800 | Rake 0 | Jackpot 0 | Bingo 0 | Fortune 0 | Tax 0
Board [9c 9h Ac]
Seat 3: 3142c00a (big blind) folded on the Flop
Seat 7: Hero (small blind) won (16,800)


Poker Hand #TM93390750: Tournament #5678775, $8 Satellite to GGMasters $150, 1 Seat Hold'em No Limit - Level15(2,000/4,000) - 2026/02/01 01:33:57
Table '1' 8-max Seat #3 is the button
Seat 3: 3142c00a (27,517 in chips)
Seat 7: Hero (122,483 in chips)
3142c00a: posts the ante 400
Hero: posts the ante 400
3142c00a: posts small blind 2,000
Hero: posts big blind 4,000
*** HOLE CARDS ***
Dealt to 3142c00a 
Dealt to Hero [Kd 9s]
3142c00a: folds
Uncalled bet (2,000) returned to Hero
*** SHOWDOWN ***
Hero collected 4,800 from pot
*** SUMMARY ***
Total pot 4,800 | Rake 0 | Jackpot 0 | Bingo 0 | Fortune 0 | Tax 0
Seat 3: 3142c00a (small blind) folded before Flop
Seat 7: Hero (big blind) collected (4,800)


Poker Hand #TM93390748: Tournament #5678775, $8 Satellite to GGMasters $150, 1 Seat Hold'em No Limit - Level15(2,000/4,000) - 2026/02/01 01:33:38
Table '1' 8-max Seat #7 is the button
Seat 3: 3142c00a (31,917 in chips)
Seat 7: Hero (118,083 in chips)
3142c00a: posts the ante 400
Hero: posts the ante 400
Hero: posts small blind 2,000
3142c00a: posts big blind 4,000
*** HOLE CARDS ***
Dealt to 3142c00a 
Dealt to Hero [Ks Kh]
Hero: calls 2,000
3142c00a: checks
*** FLOP *** [7h Ac 7c]
3142c00a: checks
Hero: checks
*** TURN *** [7h Ac 7c] [Ts]
3142c00a: checks
Hero: bets 4,000
3142c00a: folds
Uncalled bet (4,000) returned to Hero
*** SHOWDOWN ***
Hero collected 8,800 from pot
*** SUMMARY ***
Total pot 8,800 | Rake 0 | Jackpot 0 | Bingo 0 | Fortune 0 | Tax 0
Board [7h Ac 7c Ts]
Seat 3: 3142c00a (big blind) folded on the Turn
Seat 7: Hero (small blind) showed [Ks Kh] and won (8,800)


Poker Hand #TM93390746: Tournament #5678775, $8 Satellite to GGMasters $150, 1 Seat Hold'em No Limit - Level15(2,000/4,000) - 2026/02/01 01:33:29
Table '1' 8-max Seat #3 is the button
Seat 3: 3142c00a (34,317 in chips)
Seat 7: Hero (115,683 in chips)
3142c00a: posts the ante 400
Hero: posts the ante 400
3142c00a: posts small blind 2,000
Hero: posts big blind 4,000
*** HOLE CARDS ***
Dealt to 3142c00a 
Dealt to Hero [7s 3s]
3142c00a: folds
Uncalled bet (2,000) returned to Hero
*** SHOWDOWN ***
Hero collected 4,800 from pot
*** SUMMARY ***
Total pot 4,800 | Rake 0 | Jackpot 0 | Bingo 0 | Fortune 0 | Tax 0
Seat 3: 3142c00a (small blind) folded before Flop
Seat 7: Hero (big blind) collected (4,800)


Poker Hand #TM93390744: Tournament #5678775, $8 Satellite to GGMasters $150, 1 Seat Hold'em No Limit - Level15(2,000/4,000) - 2026/02/01 01:33:09
Table '1' 8-max Seat #7 is the button
Seat 3: 3142c00a (38,717 in chips)
Seat 7: Hero (111,283 in chips)
3142c00a: posts the ante 400
Hero: posts the ante 400
Hero: posts small blind 2,000
3142c00a: posts big blind 4,000
*** HOLE CARDS ***
Dealt to 3142c00a 
Dealt to Hero [2c Qs]
Hero: calls 2,000
3142c00a: checks
*** FLOP *** [2d 8s Ah]
3142c00a: checks
Hero: bets 4,000
3142c00a: folds
Uncalled bet (4,000) returned to Hero
*** SHOWDOWN ***
Hero collected 8,800 from pot
*** SUMMARY ***
Total pot 8,800 | Rake 0 | Jackpot 0 | Bingo 0 | Fortune 0 | Tax 0
Board [2d 8s Ah]
Seat 3: 3142c00a (big blind) folded on the Flop
Seat 7: Hero (small blind) won (8,800)


Poker Hand #TM93390741: Tournament #5678775, $8 Satellite to GGMasters $150, 1 Seat Hold'em No Limit - Level15(2,000/4,000) - 2026/02/01 01:32:56
Table '1' 8-max Seat #3 is the button
Seat 3: 3142c00a (34,317 in chips)
Seat 7: Hero (115,683 in chips)
3142c00a: posts the ante 400
Hero: posts the ante 400
3142c00a: posts small blind 2,000
Hero: posts big blind 4,000
*** HOLE CARDS ***
Dealt to 3142c00a 
Dealt to Hero [9s 6h]
3142c00a: raises 29,917 to 33,917 and is all-in
Hero: folds
Uncalled bet (29,917) returned to 3142c00a
*** SHOWDOWN ***
3142c00a collected 8,800 from pot
*** SUMMARY ***
Total pot 8,800 | Rake 0 | Jackpot 0 | Bingo 0 | Fortune 0 | Tax 0
Seat 3: 3142c00a (small blind) collected (8,800)
Seat 7: Hero (big blind) folded before Flop


Poker Hand #TM93390739: Tournament #5678775, $8 Satellite to GGMasters $150, 1 Seat Hold'em No Limit - Level15(2,000/4,000) - 2026/02/01 01:32:46
Table '1' 8-max Seat #7 is the button
Seat 3: 3142c00a (38,717 in chips)
Seat 7: Hero (111,283 in chips)
3142c00a: posts the ante 400
Hero: posts the ante 400
Hero: posts small blind 2,000
3142c00a: posts big blind 4,000
*** HOLE CARDS ***
Dealt to 3142c00a 
Dealt to Hero [7c Qd]
Hero: raises 4,000 to 8,000
3142c00a: folds
Uncalled bet (4,000) returned to Hero
*** SHOWDOWN ***
Hero collected 8,800 from pot
*** SUMMARY ***
Total pot 8,800 | Rake 0 | Jackpot 0 | Bingo 0 | Fortune 0 | Tax 0
Seat 3: 3142c00a (big blind) folded before Flop
Seat 7: Hero (small blind) collected (8,800)


Poker Hand #TM93390738: Tournament #5678775, $8 Satellite to GGMasters $150, 1 Seat Hold'em No Limit - Level15(2,000/4,000) - 2026/02/01 01:32:35
Table '1' 8-max Seat #3 is the button
Seat 3: 3142c00a (41,117 in chips)
Seat 7: Hero (108,883 in chips)
3142c00a: posts the ante 400
Hero: posts the ante 400
3142c00a: posts small blind 2,000
Hero: posts big blind 4,000
*** HOLE CARDS ***
Dealt to 3142c00a 
Dealt to Hero [8d 6d]
3142c00a: folds
Uncalled bet (2,000) returned to Hero
*** SHOWDOWN ***
Hero collected 4,800 from pot
*** SUMMARY ***
Total pot 4,800 | Rake 0 | Jackpot 0 | Bingo 0 | Fortune 0 | Tax 0
Seat 3: 3142c00a (small blind) folded before Flop
Seat 7: Hero (big blind) collected (4,800)


Poker Hand #TM93390735: Tournament #5678775, $8 Satellite to GGMasters $150, 1 Seat Hold'em No Limit - Level15(2,000/4,000) - 2026/02/01 01:31:51
Table '1' 8-max Seat #7 is the button
Seat 3: 3142c00a (57,917 in chips)
Seat 7: Hero (92,083 in chips)
3142c00a: posts the ante 400
Hero: posts the ante 400
Hero: posts small blind 2,000
3142c00a: posts big blind 4,000
*** HOLE CARDS ***
Dealt to 3142c00a 
Dealt to Hero [Ts Th]
Hero: raises 4,000 to 8,000
3142c00a: calls 4,000
*** FLOP *** [Qd Jc 4c]
3142c00a: checks
Hero: checks
*** TURN *** [Qd Jc 4c] [Ks]
3142c00a: bets 8,400
Hero: calls 8,400
*** RIVER *** [Qd Jc 4c Ks] [As]
3142c00a: checks
Hero: bets 18,144
3142c00a: folds
Uncalled bet (18,144) returned to Hero
*** SHOWDOWN ***
Hero collected 33,600 from pot
*** SUMMARY ***
Total pot 33,600 | Rake 0 | Jackpot 0 | Bingo 0 | Fortune 0 | Tax 0
Board [Qd Jc 4c Ks As]
Seat 3: 3142c00a (big blind) folded on the River
Seat 7: Hero (small blind) showed [Ts Th] and won (33,600)


Poker Hand #TM93390734: Tournament #5678775, $8 Satellite to GGMasters $150, 1 Seat Hold'em No Limit - Level15(2,000/4,000) - 2026/02/01 01:31:42
Table '1' 8-max Seat #3 is the button
Seat 3: 3142c00a (60,317 in chips)
Seat 7: Hero (89,683 in chips)
3142c00a: posts the ante 400
Hero: posts the ante 400
3142c00a: posts small blind 2,000
Hero: posts big blind 4,000
*** HOLE CARDS ***
Dealt to 3142c00a 
Dealt to Hero [7s Ks]
3142c00a: folds
Uncalled bet (2,000) returned to Hero
*** SHOWDOWN ***
Hero collected 4,800 from pot
*** SUMMARY ***
Total pot 4,800 | Rake 0 | Jackpot 0 | Bingo 0 | Fortune 0 | Tax 0
Seat 3: 3142c00a (small blind) folded before Flop
Seat 7: Hero (big blind) collected (4,800)


Poker Hand #TM93390733: Tournament #5678775, $8 Satellite to GGMasters $150, 1 Seat Hold'em No Limit - Level15(2,000/4,000) - 2026/02/01 01:31:33
Table '1' 8-max Seat #7 is the button
Seat 3: 3142c00a (57,917 in chips)
Seat 7: Hero (92,083 in chips)
3142c00a: posts the ante 400
Hero: posts the ante 400
Hero: posts small blind 2,000
3142c00a: posts big blind 4,000
*** HOLE CARDS ***
Dealt to 3142c00a 
Dealt to Hero [Js 6h]
Hero: folds
Uncalled bet (2,000) returned to 3142c00a
*** SHOWDOWN ***
3142c00a collected 4,800 from pot
*** SUMMARY ***
Total pot 4,800 | Rake 0 | Jackpot 0 | Bingo 0 | Fortune 0 | Tax 0
Seat 3: 3142c00a (big blind) collected (4,800)
Seat 7: Hero (small blind) folded before Flop


Poker Hand #TM93390727: Tournament #5678775, $8 Satellite to GGMasters $150, 1 Seat Hold'em No Limit - Level15(2,000/4,000) - 2026/02/01 01:30:57
Table '1' 8-max Seat #3 is the button
Seat 3: 3142c00a (66,717 in chips)
Seat 7: Hero (83,283 in chips)
3142c00a: posts the ante 400
Hero: posts the ante 400
3142c00a: posts small blind 2,000
Hero: posts big blind 4,000
*** HOLE CARDS ***
Dealt to 3142c00a 
Dealt to Hero [6s 3s]
3142c00a: calls 2,000
Hero: checks
*** FLOP *** [4d 6c 6d]
Hero: checks
3142c00a: bets 4,400
Hero: calls 4,400
*** TURN *** [4d 6c 6d] [Ts]
Hero: checks
3142c00a: checks
*** RIVER *** [4d 6c 6d Ts] [Qd]
Hero: checks
3142c00a: checks
3142c00a: shows [Ac Kd] (a pair of Sixes)
Hero: shows [6s 3s] (three of a kind, Sixes)
*** SHOWDOWN ***
Hero collected 17,600 from pot
*** SUMMARY ***
Total pot 17,600 | Rake 0 | Jackpot 0 | Bingo 0 | Fortune 0 | Tax 0
Board [4d 6c 6d Ts Qd]
Seat 3: 3142c00a (small blind) showed [Ac Kd] and lost with a pair of Sixes
Seat 7: Hero (big blind) showed [6s 3s] and won (17,600) with three of a kind, Sixes


Poker Hand #TM93390725: Tournament #5678775, $8 Satellite to GGMasters $150, 1 Seat Hold'em No Limit - Level15(2,000/4,000) - 2026/02/01 01:30:24
Table '1' 8-max Seat #7 is the button
Seat 3: 3142c00a (58,317 in chips)
Seat 7: Hero (91,683 in chips)
3142c00a: posts the ante 400
Hero: posts the ante 400
Hero: posts small blind 2,000
3142c00a: posts big blind 4,000
*** HOLE CARDS ***
Dealt to 3142c00a 
Dealt to Hero [9d 3h]
Hero: calls 2,000
3142c00a: checks
*** FLOP *** [Kh Qc 9h]
3142c00a: checks
Hero: bets 4,000
3142c00a: calls 4,000
*** TURN *** [Kh Qc 9h] [4s]
3142c00a: checks
Hero: checks
*** RIVER *** [Kh Qc 9h 4s] [7s]
3142c00a: bets 16,800
Hero: folds
Uncalled bet (16,800) returned to 3142c00a
*** SHOWDOWN ***
3142c00a collected 16,800 from pot
*** SUMMARY ***
Total pot 16,800 | Rake 0 | Jackpot 0 | Bingo 0 | Fortune 0 | Tax 0
Board [Kh Qc 9h 4s 7s]
Seat 3: 3142c00a (big blind) won (16,800)
Seat 7: Hero (small blind) folded on the River


Poker Hand #TM93390722: Tournament #5678775, $8 Satellite to GGMasters $150, 1 Seat Hold'em No Limit - Level14(1,500/3,000) - 2026/02/01 01:30:12
Table '1' 8-max Seat #3 is the button
Seat 3: 3142c00a (60,117 in chips)
Seat 7: Hero (89,883 in chips)
3142c00a: posts the ante 300
Hero: posts the ante 300
3142c00a: posts small blind 1,500
Hero: posts big blind 3,000
*** HOLE CARDS ***
Dealt to 3142c00a 
Dealt to Hero [6c 3h]
3142c00a: folds
Uncalled bet (1,500) returned to Hero
*** SHOWDOWN ***
Hero collected 3,600 from pot
*** SUMMARY ***
Total pot 3,600 | Rake 0 | Jackpot 0 | Bingo 0 | Fortune 0 | Tax 0
Seat 3: 3142c00a (small blind) folded before Flop
Seat 7: Hero (big blind) collected (3,600)


Poker Hand #TM93390720: Tournament #5678775, $8 Satellite to GGMasters $150, 1 Seat Hold'em No Limit - Level14(1,500/3,000) - 2026/02/01 01:29:38
Table '1' 8-max Seat #1 is the button
Seat 1: 9a7df332 (21,041 in chips)
Seat 3: 3142c00a (35,776 in chips)
Seat 7: Hero (93,183 in chips)
3142c00a: posts the ante 300
Hero: posts the ante 300
9a7df332: posts the ante 300
3142c00a: posts small blind 1,500
Hero: posts big blind 3,000
*** HOLE CARDS ***
Dealt to 9a7df332 
Dealt to 3142c00a 
Dealt to Hero [Jc 6s]
9a7df332: raises 17,741 to 20,741 and is all-in
3142c00a: raises 14,735 to 35,476 and is all-in
Hero: folds
Uncalled bet (14,735) returned to 3142c00a
3142c00a: shows [Kh As]
9a7df332: shows [3d Ad]
*** FLOP *** [4h 2c 7s]
*** TURN *** [4h 2c 7s] [9h]
*** RIVER *** [4h 2c 7s 9h] [2h]
*** SHOWDOWN ***
3142c00a collected 45,382 from pot
*** SUMMARY ***
Total pot 45,382 | Rake 0 | Jackpot 0 | Bingo 0 | Fortune 0 | Tax 0
Board [4h 2c 7s 9h 2h]
Seat 1: 9a7df332 (button) showed [3d Ad] and lost with a pair of Twos
Seat 3: 3142c00a (small blind) showed [Kh As] and won (45,382) with a pair of Twos
Seat 7: Hero (big blind) folded before Flop


Poker Hand #TM93390716: Tournament #5678775, $8 Satellite to GGMasters $150, 1 Seat Hold'em No Limit - Level14(1,500/3,000) - 2026/02/01 01:29:18
Table '1' 8-max Seat #7 is the button
Seat 1: 9a7df332 (24,341 in chips)
Seat 3: 3142c00a (36,076 in chips)
Seat 7: Hero (88,709 in chips)
Seat 8: 7e0356cd (874 in chips)
3142c00a: posts the ante 300
7e0356cd: posts the ante 300
Hero: posts the ante 300
9a7df332: posts the ante 300
7e0356cd: posts small blind 574
9a7df332: posts big blind 3,000
*** HOLE CARDS ***
Dealt to 9a7df332 
Dealt to 3142c00a 
Dealt to Hero [8c 7h]
Dealt to 7e0356cd 
3142c00a: folds
Hero: calls 3,000
7e0356cd: folds
9a7df332: checks
*** FLOP *** [6c 8d Kh]
9a7df332: checks
Hero: bets 3,000
9a7df332: folds
Uncalled bet (3,000) returned to Hero
*** SHOWDOWN ***
Hero collected 7,774 from pot
*** SUMMARY ***
Total pot 7,774 | Rake 0 | Jackpot 0 | Bingo 0 | Fortune 0 | Tax 0
Board [6c 8d Kh]
Seat 1: 9a7df332 (big blind) folded on the Flop
Seat 3: 3142c00a folded before Flop
Seat 7: Hero (button) won (7,774)
Seat 8: 7e0356cd (small blind) folded before Flop


Poker Hand #TM93390714: Tournament #5678775, $8 Satellite to GGMasters $150, 1 Seat Hold'em No Limit - Level14(1,500/3,000) - 2026/02/01 01:29:05
Table '1' 8-max Seat #3 is the button
Seat 1: 9a7df332 (24,641 in chips)
Seat 3: 3142c00a (36,376 in chips)
Seat 7: Hero (84,809 in chips)
Seat 8: 7e0356cd (4,174 in chips)
3142c00a: posts the ante 300
7e0356cd: posts the ante 300
Hero: posts the ante 300
9a7df332: posts the ante 300
Hero: posts small blind 1,500
7e0356cd: posts big blind 3,000
*** HOLE CARDS ***
Dealt to 9a7df332 
Dealt to 3142c00a 
Dealt to Hero [9h Ts]
Dealt to 7e0356cd 
9a7df332: folds
3142c00a: folds
Hero: raises 3,000 to 6,000
7e0356cd: folds
Uncalled bet (3,000) returned to Hero
*** SHOWDOWN ***
Hero collected 7,200 from pot
*** SUMMARY ***
Total pot 7,200 | Rake 0 | Jackpot 0 | Bingo 0 | Fortune 0 | Tax 0
Seat 1: 9a7df332 folded before Flop
Seat 3: 3142c00a (button) folded before Flop
Seat 7: Hero (small blind) collected (7,200)
Seat 8: 7e0356cd (big blind) folded before Flop


Poker Hand #TM93390711: Tournament #5678775, $8 Satellite to GGMasters $150, 1 Seat Hold'em No Limit - Level14(1,500/3,000) - 2026/02/01 01:28:35
Table '1' 8-max Seat #1 is the button
Seat 1: 9a7df332 (41,029 in chips)
Seat 3: 3142c00a (16,388 in chips)
Seat 7: Hero (88,109 in chips)
Seat 8: 7e0356cd (4,474 in chips)
7e0356cd: posts the ante 300
3142c00a: posts the ante 300
Hero: posts the ante 300
9a7df332: posts the ante 300
3142c00a: posts small blind 1,500
Hero: posts big blind 3,000
*** HOLE CARDS ***
Dealt to 9a7df332 
Dealt to 3142c00a 
Dealt to Hero [2c 4c]
Dealt to 7e0356cd 
7e0356cd: folds
9a7df332: raises 37,729 to 40,729 and is all-in
3142c00a: calls 14,588 and is all-in
Hero: folds
Uncalled bet (24,641) returned to 9a7df332
9a7df332: shows [5s 5d]
3142c00a: shows [Ad Th]
*** FLOP *** [Ts 7d 3c]
*** TURN *** [Ts 7d 3c] [7h]
*** RIVER *** [Ts 7d 3c 7h] [Td]
*** SHOWDOWN ***
3142c00a collected 36,376 from pot
*** SUMMARY ***
Total pot 36,376 | Rake 0 | Jackpot 0 | Bingo 0 | Fortune 0 | Tax 0
Board [Ts 7d 3c 7h Td]
Seat 1: 9a7df332 (button) showed [5s 5d] and lost with two pair, Tens and Sevens
Seat 3: 3142c00a (small blind) showed [Ad Th] and won (36,376) with a full house, Tens full of Sevens
Seat 7: Hero (big blind) folded before Flop
Seat 8: 7e0356cd folded before Flop


Poker Hand #TM93390706: Tournament #5678775, $8 Satellite to GGMasters $150, 1 Seat Hold'em No Limit - Level14(1,500/3,000) - 2026/02/01 01:28:15
Table '1' 8-max Seat #8 is the button
Seat 1: 9a7df332 (37,129 in chips)
Seat 3: 3142c00a (19,688 in chips)
Seat 7: Hero (88,409 in chips)
Seat 8: 7e0356cd (4,774 in chips)
7e0356cd: posts the ante 300
3142c00a: posts the ante 300
Hero: posts the ante 300
9a7df332: posts the ante 300
9a7df332: posts small blind 1,500
3142c00a: posts big blind 3,000
*** HOLE CARDS ***
Dealt to 9a7df332 
Dealt to 3142c00a 
Dealt to Hero [6s 2s]
Dealt to 7e0356cd 
Hero: folds
7e0356cd: folds
9a7df332: raises 33,829 to 36,829 and is all-in
3142c00a: folds
Uncalled bet (33,829) returned to 9a7df332
*** SHOWDOWN ***
9a7df332 collected 7,200 from pot
*** SUMMARY ***
Total pot 7,200 | Rake 0 | Jackpot 0 | Bingo 0 | Fortune 0 | Tax 0
Seat 1: 9a7df332 (small blind) collected (7,200)
Seat 3: 3142c00a (big blind) folded before Flop
Seat 7: Hero folded before Flop
Seat 8: 7e0356cd (button) folded before Flop


Poker Hand #TM93390702: Tournament #5678775, $8 Satellite to GGMasters $150, 1 Seat Hold'em No Limit - Level14(1,500/3,000) - 2026/02/01 01:27:53
Table '1' 8-max Seat #7 is the button
Seat 1: 9a7df332 (40,429 in chips)
Seat 3: 3142c00a (14,288 in chips)
Seat 7: Hero (88,709 in chips)
Seat 8: 7e0356cd (6,574 in chips)
3142c00a: posts the ante 300
7e0356cd: posts the ante 300
Hero: posts the ante 300
9a7df332: posts the ante 300
7e0356cd: posts small blind 1,500
9a7df332: posts big blind 3,000
*** HOLE CARDS ***
Dealt to 9a7df332 
Dealt to 3142c00a 
Dealt to Hero [6s Qh]
Dealt to 7e0356cd 
3142c00a: raises 10,988 to 13,988 and is all-in
Hero: folds
7e0356cd: folds
9a7df332: folds
Uncalled bet (10,988) returned to 3142c00a
*** SHOWDOWN ***
3142c00a collected 8,700 from pot
*** SUMMARY ***
Total pot 8,700 | Rake 0 | Jackpot 0 | Bingo 0 | Fortune 0 | Tax 0
Seat 1: 9a7df332 (big blind) folded before Flop
Seat 3: 3142c00a collected (8,700)
Seat 7: Hero (button) folded before Flop
Seat 8: 7e0356cd (small blind) folded before Flop


Poker Hand #TM93390700: Tournament #5678775, $8 Satellite to GGMasters $150, 1 Seat Hold'em No Limit - Level14(1,500/3,000) - 2026/02/01 01:27:40
Table '1' 8-max Seat #3 is the button
Seat 1: 9a7df332 (40,729 in chips)
Seat 3: 3142c00a (14,588 in chips)
Seat 7: Hero (84,809 in chips)
Seat 8: 7e0356cd (9,874 in chips)
3142c00a: posts the ante 300
7e0356cd: posts the ante 300
Hero: posts the ante 300
9a7df332: posts the ante 300
Hero: posts small blind 1,500
7e0356cd: posts big blind 3,000
*** HOLE CARDS ***
Dealt to 9a7df332 
Dealt to 3142c00a 
Dealt to Hero [5s Kc]
Dealt to 7e0356cd 
9a7df332: folds
3142c00a: folds
Hero: raises 3,000 to 6,000
7e0356cd: folds
Uncalled bet (3,000) returned to Hero
*** SHOWDOWN ***
Hero collected 7,200 from pot
*** SUMMARY ***
Total pot 7,200 | Rake 0 | Jackpot 0 | Bingo 0 | Fortune 0 | Tax 0
Seat 1: 9a7df332 folded before Flop
Seat 3: 3142c00a (button) folded before Flop
Seat 7: Hero (small blind) collected (7,200)
Seat 8: 7e0356cd (big blind) folded before Flop


Poker Hand #TM93390693: Tournament #5678775, $8 Satellite to GGMasters $150, 1 Seat Hold'em No Limit - Level14(1,500/3,000) - 2026/02/01 01:26:52
Table '1' 8-max Seat #1 is the button
Seat 1: 9a7df332 (51,880 in chips)
Seat 3: 3142c00a (16,388 in chips)
Seat 7: Hero (71,558 in chips)
Seat 8: 7e0356cd (10,174 in chips)
7e0356cd: posts the ante 300
3142c00a: posts the ante 300
Hero: posts the ante 300
9a7df332: posts the ante 300
3142c00a: posts small blind 1,500
Hero: posts big blind 3,000
*** HOLE CARDS ***
Dealt to 9a7df332 
Dealt to 3142c00a 
Dealt to Hero [Tc 9s]
Dealt to 7e0356cd 
7e0356cd: folds
9a7df332: raises 3,000 to 6,000
3142c00a: folds
Hero: calls 3,000
*** FLOP *** [9c Jc 4c]
Hero: checks
9a7df332: bets 4,851
Hero: calls 4,851
*** TURN *** [9c Jc 4c] [Jd]
Hero: checks
9a7df332: checks
*** RIVER *** [9c Jc 4c Jd] [3d]
Hero: checks
9a7df332: checks
Hero: shows [Tc 9s] (two pair, Jacks and Nines)
9a7df332: shows [Ac 5s] (a pair of Jacks)
*** SHOWDOWN ***
Hero collected 24,402 from pot
*** SUMMARY ***
Total pot 24,402 | Rake 0 | Jackpot 0 | Bingo 0 | Fortune 0 | Tax 0
Board [9c Jc 4c Jd 3d]
Seat 1: 9a7df332 (button) showed [Ac 5s] and lost with a pair of Jacks
Seat 3: 3142c00a (small blind) folded before Flop
Seat 7: Hero (big blind) showed [Tc 9s] and won (24,402) with two pair, Jacks and Nines
Seat 8: 7e0356cd folded before Flop


Poker Hand #TM93390692: Tournament #5678775, $8 Satellite to GGMasters $150, 1 Seat Hold'em No Limit - Level14(1,500/3,000) - 2026/02/01 01:26:26
Table '1' 8-max Seat #8 is the button
Seat 1: 9a7df332 (53,680 in chips)
Seat 3: 3142c00a (22,688 in chips)
Seat 7: Hero (63,158 in chips)
Seat 8: 7e0356cd (10,474 in chips)
7e0356cd: posts the ante 300
3142c00a: posts the ante 300
Hero: posts the ante 300
9a7df332: posts the ante 300
9a7df332: posts small blind 1,500
3142c00a: posts big blind 3,000
*** HOLE CARDS ***
Dealt to 9a7df332 
Dealt to 3142c00a 
Dealt to Hero [Jh 9c]
Dealt to 7e0356cd 
Hero: raises 3,000 to 6,000
7e0356cd: folds
9a7df332: folds
3142c00a: calls 3,000
*** FLOP *** [4s 3h Kc]
3142c00a: checks
Hero: bets 3,000
3142c00a: folds
Uncalled bet (3,000) returned to Hero
*** SHOWDOWN ***
Hero collected 14,700 from pot
*** SUMMARY ***
Total pot 14,700 | Rake 0 | Jackpot 0 | Bingo 0 | Fortune 0 | Tax 0
Board [4s 3h Kc]
Seat 1: 9a7df332 (small blind) folded before Flop
Seat 3: 3142c00a (big blind) folded on the Flop
Seat 7: Hero won (14,700)
Seat 8: 7e0356cd (button) folded before Flop


Poker Hand #TM93390688: Tournament #5678775, $8 Satellite to GGMasters $150, 1 Seat Hold'em No Limit - Level14(1,500/3,000) - 2026/02/01 01:26:04
Table '1' 8-max Seat #7 is the button
Seat 1: 9a7df332 (45,280 in chips)
Seat 3: 3142c00a (22,988 in chips)
Seat 7: Hero (69,458 in chips)
Seat 8: 7e0356cd (12,274 in chips)
3142c00a: posts the ante 300
7e0356cd: posts the ante 300
Hero: posts the ante 300
9a7df332: posts the ante 300
7e0356cd: posts small blind 1,500
9a7df332: posts big blind 3,000
*** HOLE CARDS ***
Dealt to 9a7df332 
Dealt to 3142c00a 
Dealt to Hero [Kh 3h]
Dealt to 7e0356cd 
3142c00a: folds
Hero: raises 3,000 to 6,000
7e0356cd: folds
9a7df332: raises 38,980 to 44,980 and is all-in
Hero: folds
Uncalled bet (38,980) returned to 9a7df332
*** SHOWDOWN ***
9a7df332 collected 14,700 from pot
*** SUMMARY ***
Total pot 14,700 | Rake 0 | Jackpot 0 | Bingo 0 | Fortune 0 | Tax 0
Seat 1: 9a7df332 (big blind) collected (14,700)
Seat 3: 3142c00a folded before Flop
Seat 7: Hero (button) folded before Flop
Seat 8: 7e0356cd (small blind) folded before Flop


Poker Hand #TM93390684: Tournament #5678775, $8 Satellite to GGMasters $150, 1 Seat Hold'em No Limit - Level14(1,500/3,000) - 2026/02/01 01:25:31
Table '1' 8-max Seat #3 is the button
Seat 1: 9a7df332 (28,806 in chips)
Seat 3: 3142c00a (23,288 in chips)
Seat 5: c13a547e (12,574 in chips)
Seat 7: Hero (72,758 in chips)
Seat 8: 7e0356cd (12,574 in chips)
c13a547e: posts the ante 300
3142c00a: posts the ante 300
7e0356cd: posts the ante 300
Hero: posts the ante 300
9a7df332: posts the ante 300
c13a547e: posts small blind 1,500
Hero: posts big blind 3,000
*** HOLE CARDS ***
Dealt to 9a7df332 
Dealt to 3142c00a 
Dealt to c13a547e 
Dealt to Hero [Qh 6c]
Dealt to 7e0356cd 
7e0356cd: folds
9a7df332: raises 25,506 to 28,506 and is all-in
3142c00a: folds
c13a547e: calls 10,774 and is all-in
Hero: folds
Uncalled bet (16,232) returned to 9a7df332
9a7df332: shows [Ks Tc]
c13a547e: shows [7d Ac]
*** FLOP *** [7s Td 6h]
*** TURN *** [7s Td 6h] [2c]
*** RIVER *** [7s Td 6h 2c] [8c]
*** SHOWDOWN ***
9a7df332 collected 29,048 from pot
*** SUMMARY ***
Total pot 29,048 | Rake 0 | Jackpot 0 | Bingo 0 | Fortune 0 | Tax 0
Board [7s Td 6h 2c 8c]
Seat 1: 9a7df332 showed [Ks Tc] and won (29,048) with a pair of Tens
Seat 3: 3142c00a (button) folded before Flop
Seat 5: c13a547e (small blind) showed [7d Ac] and lost with a pair of Sevens
Seat 7: Hero (big blind) folded before Flop
Seat 8: 7e0356cd folded before Flop


Poker Hand #TM93390678: Tournament #5678775, $8 Satellite to GGMasters $150, 1 Seat Hold'em No Limit - Level13(1,000/2,000) - 2026/02/01 01:24:51
Table '1' 8-max Seat #1 is the button
Seat 1: 9a7df332 (29,006 in chips)
Seat 3: 3142c00a (11,344 in chips)
Seat 5: c13a547e (23,918 in chips)
Seat 7: Hero (72,958 in chips)
Seat 8: 7e0356cd (12,774 in chips)
c13a547e: posts the ante 200
7e0356cd: posts the ante 200
3142c00a: posts the ante 200
Hero: posts the ante 200
9a7df332: posts the ante 200
3142c00a: posts small blind 1,000
c13a547e: posts big blind 2,000
*** HOLE CARDS ***
Dealt to 9a7df332 
Dealt to 3142c00a 
Dealt to c13a547e 
Dealt to Hero [3s 2c]
Dealt to 7e0356cd 
Hero: folds
7e0356cd: folds
9a7df332: folds
3142c00a: raises 9,144 to 11,144 and is all-in
c13a547e: calls 9,144
3142c00a: shows [9c 9h]
c13a547e: shows [8s Ts]
*** FLOP *** [4d 7h Kc]
*** TURN *** [4d 7h Kc] [Qc]
*** RIVER *** [4d 7h Kc Qc] [As]
*** SHOWDOWN ***
3142c00a collected 23,288 from pot
*** SUMMARY ***
Total pot 23,288 | Rake 0 | Jackpot 0 | Bingo 0 | Fortune 0 | Tax 0
Board [4d 7h Kc Qc As]
Seat 1: 9a7df332 (button) folded before Flop
Seat 3: 3142c00a (small blind) showed [9c 9h] and won (23,288) with a pair of Nines
Seat 5: c13a547e (big blind) showed [8s Ts] and lost with Ace high
Seat 7: Hero folded before Flop
Seat 8: 7e0356cd folded before Flop


Poker Hand #TM93390676: Tournament #5678775, $8 Satellite to GGMasters $150, 1 Seat Hold'em No Limit - Level13(1,000/2,000) - 2026/02/01 01:24:32
Table '1' 8-max Seat #8 is the button
Seat 1: 9a7df332 (30,206 in chips)
Seat 3: 3142c00a (13,544 in chips)
Seat 5: c13a547e (20,118 in chips)
Seat 7: Hero (73,158 in chips)
Seat 8: 7e0356cd (12,974 in chips)
c13a547e: posts the ante 200
7e0356cd: posts the ante 200
3142c00a: posts the ante 200
Hero: posts the ante 200
9a7df332: posts the ante 200
9a7df332: posts small blind 1,000
3142c00a: posts big blind 2,000
*** HOLE CARDS ***
Dealt to 9a7df332 
Dealt to 3142c00a 
Dealt to c13a547e 
Dealt to Hero [2c Js]
Dealt to 7e0356cd 
c13a547e: raises 17,918 to 19,918 and is all-in
Hero: folds
7e0356cd: folds
9a7df332: folds
3142c00a: folds
Uncalled bet (17,918) returned to c13a547e
*** SHOWDOWN ***
c13a547e collected 6,000 from pot
*** SUMMARY ***
Total pot 6,000 | Rake 0 | Jackpot 0 | Bingo 0 | Fortune 0 | Tax 0
Seat 1: 9a7df332 (small blind) folded before Flop
Seat 3: 3142c00a (big blind) folded before Flop
Seat 5: c13a547e collected (6,000)
Seat 7: Hero folded before Flop
Seat 8: 7e0356cd (button) folded before Flop


Poker Hand #TM93390672: Tournament #5678775, $8 Satellite to GGMasters $150, 1 Seat Hold'em No Limit - Level13(1,000/2,000) - 2026/02/01 01:24:02
Table '1' 8-max Seat #7 is the button
Seat 1: 9a7df332 (34,406 in chips)
Seat 3: 3142c00a (13,744 in chips)
Seat 5: c13a547e (20,318 in chips)
Seat 7: Hero (67,358 in chips)
Seat 8: 7e0356cd (14,174 in chips)
c13a547e: posts the ante 200
3142c00a: posts the ante 200
7e0356cd: posts the ante 200
Hero: posts the ante 200
9a7df332: posts the ante 200
7e0356cd: posts small blind 1,000
9a7df332: posts big blind 2,000
*** HOLE CARDS ***
Dealt to 9a7df332 
Dealt to 3142c00a 
Dealt to c13a547e 
Dealt to Hero [6h 5s]
Dealt to 7e0356cd 
3142c00a: folds
c13a547e: folds
Hero: raises 2,000 to 4,000
7e0356cd: folds
9a7df332: calls 2,000
*** FLOP *** [5h Kd Qh]
9a7df332: checks
Hero: bets 3,000
9a7df332: folds
Uncalled bet (3,000) returned to Hero
*** SHOWDOWN ***
Hero collected 10,000 from pot
*** SUMMARY ***
Total pot 10,000 | Rake 0 | Jackpot 0 | Bingo 0 | Fortune 0 | Tax 0
Board [5h Kd Qh]
Seat 1: 9a7df332 (big blind) folded on the Flop
Seat 3: 3142c00a folded before Flop
Seat 5: c13a547e folded before Flop
Seat 7: Hero (button) won (10,000)
Seat 8: 7e0356cd (small blind) folded before Flop


Poker Hand #TM93390670: Tournament #5678775, $8 Satellite to GGMasters $150, 1 Seat Hold'em No Limit - Level13(1,000/2,000) - 2026/02/01 01:23:40
Table '1' 8-max Seat #5 is the button
Seat 1: 9a7df332 (34,606 in chips)
Seat 3: 3142c00a (13,944 in chips)
Seat 5: c13a547e (20,518 in chips)
Seat 7: Hero (64,558 in chips)
Seat 8: 7e0356cd (16,374 in chips)
c13a547e: posts the ante 200
3142c00a: posts the ante 200
7e0356cd: posts the ante 200
Hero: posts the ante 200
9a7df332: posts the ante 200
Hero: posts small blind 1,000
7e0356cd: posts big blind 2,000
*** HOLE CARDS ***
Dealt to 9a7df332 
Dealt to 3142c00a 
Dealt to c13a547e 
Dealt to Hero [Qd 5c]
Dealt to 7e0356cd 
9a7df332: folds
3142c00a: folds
c13a547e: folds
Hero: raises 2,000 to 4,000
7e0356cd: folds
Uncalled bet (2,000) returned to Hero
*** SHOWDOWN ***
Hero collected 5,000 from pot
*** SUMMARY ***
Total pot 5,000 | Rake 0 | Jackpot 0 | Bingo 0 | Fortune 0 | Tax 0
Seat 1: 9a7df332 folded before Flop
Seat 3: 3142c00a folded before Flop
Seat 5: c13a547e (button) folded before Flop
Seat 7: Hero (small blind) collected (5,000)
Seat 8: 7e0356cd (big blind) folded before Flop


Poker Hand #TM93390668: Tournament #5678775, $8 Satellite to GGMasters $150, 1 Seat Hold'em No Limit - Level13(1,000/2,000) - 2026/02/01 01:23:28
Table '1' 8-max Seat #3 is the button
Seat 1: 9a7df332 (30,806 in chips)
Seat 3: 3142c00a (14,144 in chips)
Seat 5: c13a547e (21,718 in chips)
Seat 7: Hero (66,758 in chips)
Seat 8: 7e0356cd (16,574 in chips)
c13a547e: posts the ante 200
3142c00a: posts the ante 200
7e0356cd: posts the ante 200
Hero: posts the ante 200
9a7df332: posts the ante 200
c13a547e: posts small blind 1,000
Hero: posts big blind 2,000
*** HOLE CARDS ***
Dealt to 9a7df332 
Dealt to 3142c00a 
Dealt to c13a547e 
Dealt to Hero [3c Js]
Dealt to 7e0356cd 
7e0356cd: folds
9a7df332: raises 2,000 to 4,000
3142c00a: folds
c13a547e: folds
Hero: folds
Uncalled bet (2,000) returned to 9a7df332
*** SHOWDOWN ***
9a7df332 collected 6,000 from pot
*** SUMMARY ***
Total pot 6,000 | Rake 0 | Jackpot 0 | Bingo 0 | Fortune 0 | Tax 0
Seat 1: 9a7df332 collected (6,000)
Seat 3: 3142c00a (button) folded before Flop
Seat 5: c13a547e (small blind) folded before Flop
Seat 7: Hero (big blind) folded before Flop
Seat 8: 7e0356cd folded before Flop


Poker Hand #TM93390663: Tournament #5678775, $8 Satellite to GGMasters $150, 1 Seat Hold'em No Limit - Level13(1,000/2,000) - 2026/02/01 01:22:46
Table '1' 8-max Seat #1 is the button
Seat 1: 9a7df332 (31,006 in chips)
Seat 3: 3142c00a (6,772 in chips)
Seat 5: c13a547e (28,490 in chips)
Seat 7: Hero (66,958 in chips)
Seat 8: 7e0356cd (16,774 in chips)
c13a547e: posts the ante 200
7e0356cd: posts the ante 200
3142c00a: posts the ante 200
Hero: posts the ante 200
9a7df332: posts the ante 200
3142c00a: posts small blind 1,000
c13a547e: posts big blind 2,000
*** HOLE CARDS ***
Dealt to 9a7df332 
Dealt to 3142c00a 
Dealt to c13a547e 
Dealt to Hero [3s Kc]
Dealt to 7e0356cd 
Hero: folds
7e0356cd: folds
9a7df332: folds
3142c00a: raises 4,572 to 6,572 and is all-in
c13a547e: calls 4,572
3142c00a: shows [7h Th]
c13a547e: shows [9s 7c]
*** FLOP *** [Tc Ts Qs]
*** TURN *** [Tc Ts Qs] [2h]
*** RIVER *** [Tc Ts Qs 2h] [Qd]
*** SHOWDOWN ***
3142c00a collected 14,144 from pot
*** SUMMARY ***
Total pot 14,144 | Rake 0 | Jackpot 0 | Bingo 0 | Fortune 0 | Tax 0
Board [Tc Ts Qs 2h Qd]
Seat 1: 9a7df332 (button) folded before Flop
Seat 3: 3142c00a (small blind) showed [7h Th] and won (14,144) with a full house, Tens full of Queens
Seat 5: c13a547e (big blind) showed [9s 7c] and lost with two pair, Queens and Tens
Seat 7: Hero folded before Flop
Seat 8: 7e0356cd folded before Flop


Poker Hand #TM93390659: Tournament #5678775, $8 Satellite to GGMasters $150, 1 Seat Hold'em No Limit - Level13(1,000/2,000) - 2026/02/01 01:22:09
Table '1' 8-max Seat #8 is the button
Seat 1: 9a7df332 (32,206 in chips)
Seat 2: 1a6f93c9 (17,745 in chips)
Seat 3: 3142c00a (6,972 in chips)
Seat 5: c13a547e (28,690 in chips)
Seat 7: Hero (47,413 in chips)
Seat 8: 7e0356cd (16,974 in chips)
c13a547e: posts the ante 200
7e0356cd: posts the ante 200
3142c00a: posts the ante 200
Hero: posts the ante 200
1a6f93c9: posts the ante 200
9a7df332: posts the ante 200
9a7df332: posts small blind 1,000
1a6f93c9: posts big blind 2,000
*** HOLE CARDS ***
Dealt to 9a7df332 
Dealt to 1a6f93c9 
Dealt to 3142c00a 
Dealt to c13a547e 
Dealt to Hero [As Ad]
Dealt to 7e0356cd 
3142c00a: folds
c13a547e: folds
Hero: calls 2,000
7e0356cd: folds
9a7df332: folds
1a6f93c9: checks
*** FLOP *** [4c 9d Kd]
1a6f93c9: checks
Hero: checks
*** TURN *** [4c 9d Kd] [4s]
1a6f93c9: bets 3,100
Hero: calls 3,100
*** RIVER *** [4c 9d Kd 4s] [Jh]
1a6f93c9: bets 12,445 and is all-in
Hero: calls 12,445
1a6f93c9: shows [Ks 7c] (two pair, Kings and Fours)
Hero: shows [As Ad] (two pair, Aces and Fours)
*** SHOWDOWN ***
Hero collected 37,290 from pot
*** SUMMARY ***
Total pot 37,290 | Rake 0 | Jackpot 0 | Bingo 0 | Fortune 0 | Tax 0
Board [4c 9d Kd 4s Jh]
Seat 1: 9a7df332 (small blind) folded before Flop
Seat 2: 1a6f93c9 (big blind) showed [Ks 7c] and lost with two pair, Kings and Fours
Seat 3: 3142c00a folded before Flop
Seat 5: c13a547e folded before Flop
Seat 7: Hero showed [As Ad] and won (37,290) with two pair, Aces and Fours
Seat 8: 7e0356cd (button) folded before Flop


Poker Hand #TM93390655: Tournament #5678775, $8 Satellite to GGMasters $150, 1 Seat Hold'em No Limit - Level13(1,000/2,000) - 2026/02/01 01:21:32
Table '1' 8-max Seat #7 is the button
Seat 1: 9a7df332 (26,206 in chips)
Seat 2: 1a6f93c9 (17,945 in chips)
Seat 3: 3142c00a (7,172 in chips)
Seat 5: c13a547e (32,890 in chips)
Seat 7: Hero (47,613 in chips)
Seat 8: 7e0356cd (18,174 in chips)
c13a547e: posts the ante 200
3142c00a: posts the ante 200
7e0356cd: posts the ante 200
Hero: posts the ante 200
1a6f93c9: posts the ante 200
9a7df332: posts the ante 200
7e0356cd: posts small blind 1,000
9a7df332: posts big blind 2,000
*** HOLE CARDS ***
Dealt to 9a7df332 
Dealt to 1a6f93c9 
Dealt to 3142c00a 
Dealt to c13a547e 
Dealt to Hero [7h 3c]
Dealt to 7e0356cd 
1a6f93c9: folds
3142c00a: folds
c13a547e: raises 2,000 to 4,000
Hero: folds
7e0356cd: folds
9a7df332: calls 2,000
*** FLOP *** [4s 5h Th]
9a7df332: checks
c13a547e: checks
*** TURN *** [4s 5h Th] [8d]
9a7df332: bets 5,610
c13a547e: folds
Uncalled bet (5,610) returned to 9a7df332
*** SHOWDOWN ***
9a7df332 collected 10,200 from pot
*** SUMMARY ***
Total pot 10,200 | Rake 0 | Jackpot 0 | Bingo 0 | Fortune 0 | Tax 0
Board [4s 5h Th 8d]
Seat 1: 9a7df332 (big blind) won (10,200)
Seat 2: 1a6f93c9 folded before Flop
Seat 3: 3142c00a folded before Flop
Seat 5: c13a547e folded on the Turn
Seat 7: Hero (button) folded before Flop
Seat 8: 7e0356cd (small blind) folded before Flop


Poker Hand #TM93390649: Tournament #5678775, $8 Satellite to GGMasters $150, 1 Seat Hold'em No Limit - Level13(1,000/2,000) - 2026/02/01 01:20:52
Table '1' 8-max Seat #6 is the button
Seat 1: 9a7df332 (26,406 in chips)
Seat 2: 1a6f93c9 (18,145 in chips)
Seat 3: 3142c00a (7,372 in chips)
Seat 5: c13a547e (33,090 in chips)
Seat 6: 6d2629f2 (17,016 in chips)
Seat 7: Hero (27,597 in chips)
Seat 8: 7e0356cd (20,374 in chips)
c13a547e: posts the ante 200
3142c00a: posts the ante 200
7e0356cd: posts the ante 200
6d2629f2: posts the ante 200
Hero: posts the ante 200
1a6f93c9: posts the ante 200
9a7df332: posts the ante 200
Hero: posts small blind 1,000
7e0356cd: posts big blind 2,000
*** HOLE CARDS ***
Dealt to 9a7df332 
Dealt to 1a6f93c9 
Dealt to 3142c00a 
Dealt to c13a547e 
Dealt to 6d2629f2 
Dealt to Hero [2c 2s]
Dealt to 7e0356cd 
9a7df332: folds
1a6f93c9: folds
3142c00a: folds
c13a547e: folds
6d2629f2: raises 14,816 to 16,816 and is all-in
Hero: calls 15,816
7e0356cd: folds
6d2629f2: shows [3h 2h]
Hero: shows [2c 2s]
*** FLOP *** [Qd 9c 8s]
*** TURN *** [Qd 9c 8s] [Ad]
*** RIVER *** [Qd 9c 8s Ad] [4s]
*** SHOWDOWN ***
Hero collected 37,032 from pot
*** SUMMARY ***
Total pot 37,032 | Rake 0 | Jackpot 0 | Bingo 0 | Fortune 0 | Tax 0
Board [Qd 9c 8s Ad 4s]
Seat 1: 9a7df332 folded before Flop
Seat 2: 1a6f93c9 folded before Flop
Seat 3: 3142c00a folded before Flop
Seat 5: c13a547e folded before Flop
Seat 6: 6d2629f2 (button) showed [3h 2h] and lost with Ace high
Seat 7: Hero (small blind) showed [2c 2s] and won (37,032) with a pair of Twos
Seat 8: 7e0356cd (big blind) folded before Flop


Poker Hand #TM93390645: Tournament #5678775, $8 Satellite to GGMasters $150, 1 Seat Hold'em No Limit - Level13(1,000/2,000) - 2026/02/01 01:20:29
Table '1' 8-max Seat #5 is the button
Seat 1: 9a7df332 (26,606 in chips)
Seat 2: 1a6f93c9 (18,345 in chips)
Seat 3: 3142c00a (7,572 in chips)
Seat 5: c13a547e (33,290 in chips)
Seat 6: 6d2629f2 (13,816 in chips)
Seat 7: Hero (29,797 in chips)
Seat 8: 7e0356cd (20,574 in chips)
c13a547e: posts the ante 200
3142c00a: posts the ante 200
7e0356cd: posts the ante 200
Hero: posts the ante 200
6d2629f2: posts the ante 200
1a6f93c9: posts the ante 200
9a7df332: posts the ante 200
6d2629f2: posts small blind 1,000
Hero: posts big blind 2,000
*** HOLE CARDS ***
Dealt to 9a7df332 
Dealt to 1a6f93c9 
Dealt to 3142c00a 
Dealt to c13a547e 
Dealt to 6d2629f2 
Dealt to Hero [Th 8h]
Dealt to 7e0356cd 
7e0356cd: folds
9a7df332: folds
1a6f93c9: folds
3142c00a: folds
c13a547e: folds
6d2629f2: raises 11,616 to 13,616 and is all-in
Hero: folds
Uncalled bet (11,616) returned to 6d2629f2
*** SHOWDOWN ***
6d2629f2 collected 5,400 from pot
*** SUMMARY ***
Total pot 5,400 | Rake 0 | Jackpot 0 | Bingo 0 | Fortune 0 | Tax 0
Seat 1: 9a7df332 folded before Flop
Seat 2: 1a6f93c9 folded before Flop
Seat 3: 3142c00a folded before Flop
Seat 5: c13a547e (button) folded before Flop
Seat 6: 6d2629f2 (small blind) collected (5,400)
Seat 7: Hero (big blind) folded before Flop
Seat 8: 7e0356cd folded before Flop


Poker Hand #TM93390641: Tournament #5678775, $8 Satellite to GGMasters $150, 1 Seat Hold'em No Limit - Level12(750/1,500) - 2026/02/01 01:19:57
Table '1' 8-max Seat #3 is the button
Seat 1: 9a7df332 (26,756 in chips)
Seat 2: 1a6f93c9 (18,495 in chips)
Seat 3: 3142c00a (7,722 in chips)
Seat 5: c13a547e (34,190 in chips)
Seat 6: 6d2629f2 (15,466 in chips)
Seat 7: Hero (26,647 in chips)
Seat 8: 7e0356cd (20,724 in chips)
c13a547e: posts the ante 150
3142c00a: posts the ante 150
7e0356cd: posts the ante 150
Hero: posts the ante 150
6d2629f2: posts the ante 150
1a6f93c9: posts the ante 150
9a7df332: posts the ante 150
c13a547e: posts small blind 750
6d2629f2: posts big blind 1,500
*** HOLE CARDS ***
Dealt to 9a7df332 
Dealt to 1a6f93c9 
Dealt to 3142c00a 
Dealt to c13a547e 
Dealt to 6d2629f2 
Dealt to Hero [Jd Ks]
Dealt to 7e0356cd 
Hero: raises 1,500 to 3,000
7e0356cd: folds
9a7df332: folds
1a6f93c9: folds
3142c00a: folds
c13a547e: folds
6d2629f2: folds
Uncalled bet (1,500) returned to Hero
*** SHOWDOWN ***
Hero collected 4,800 from pot
*** SUMMARY ***
Total pot 4,800 | Rake 0 | Jackpot 0 | Bingo 0 | Fortune 0 | Tax 0
Seat 1: 9a7df332 folded before Flop
Seat 2: 1a6f93c9 folded before Flop
Seat 3: 3142c00a (button) folded before Flop
Seat 5: c13a547e (small blind) folded before Flop
Seat 6: 6d2629f2 (big blind) folded before Flop
Seat 7: Hero collected (4,800)
Seat 8: 7e0356cd folded before Flop


Poker Hand #TM93390637: Tournament #5678775, $8 Satellite to GGMasters $150, 1 Seat Hold'em No Limit - Level12(750/1,500) - 2026/02/01 01:19:35
Table '1' 8-max Seat #2 is the button
Seat 1: 9a7df332 (26,906 in chips)
Seat 2: 1a6f93c9 (18,645 in chips)
Seat 3: 3142c00a (8,622 in chips)
Seat 5: c13a547e (35,840 in chips)
Seat 6: 6d2629f2 (12,316 in chips)
Seat 7: Hero (26,797 in chips)
Seat 8: 7e0356cd (20,874 in chips)
c13a547e: posts the ante 150
7e0356cd: posts the ante 150
3142c00a: posts the ante 150
Hero: posts the ante 150
6d2629f2: posts the ante 150
1a6f93c9: posts the ante 150
9a7df332: posts the ante 150
3142c00a: posts small blind 750
c13a547e: posts big blind 1,500
*** HOLE CARDS ***
Dealt to 9a7df332 
Dealt to 1a6f93c9 
Dealt to 3142c00a 
Dealt to c13a547e 
Dealt to 6d2629f2 
Dealt to Hero [5d 6s]
Dealt to 7e0356cd 
6d2629f2: raises 7,500 to 9,000
Hero: folds
7e0356cd: folds
9a7df332: folds
1a6f93c9: folds
3142c00a: folds
c13a547e: folds
Uncalled bet (7,500) returned to 6d2629f2
*** SHOWDOWN ***
6d2629f2 collected 4,800 from pot
*** SUMMARY ***
Total pot 4,800 | Rake 0 | Jackpot 0 | Bingo 0 | Fortune 0 | Tax 0
Seat 1: 9a7df332 folded before Flop
Seat 2: 1a6f93c9 (button) folded before Flop
Seat 3: 3142c00a (small blind) folded before Flop
Seat 5: c13a547e (big blind) folded before Flop
Seat 6: 6d2629f2 collected (4,800)
Seat 7: Hero folded before Flop
Seat 8: 7e0356cd folded before Flop


Poker Hand #TM93390632: Tournament #5678775, $8 Satellite to GGMasters $150, 1 Seat Hold'em No Limit - Level12(750/1,500) - 2026/02/01 01:19:04
Table '1' 8-max Seat #1 is the button
Seat 1: 9a7df332 (27,056 in chips)
Seat 2: 1a6f93c9 (20,295 in chips)
Seat 3: 3142c00a (10,272 in chips)
Seat 5: c13a547e (31,940 in chips)
Seat 6: 6d2629f2 (12,466 in chips)
Seat 7: Hero (26,947 in chips)
Seat 8: 7e0356cd (21,024 in chips)
c13a547e: posts the ante 150
7e0356cd: posts the ante 150
3142c00a: posts the ante 150
Hero: posts the ante 150
6d2629f2: posts the ante 150
9a7df332: posts the ante 150
1a6f93c9: posts the ante 150
1a6f93c9: posts small blind 750
3142c00a: posts big blind 1,500
*** HOLE CARDS ***
Dealt to 9a7df332 
Dealt to 1a6f93c9 
Dealt to 3142c00a 
Dealt to c13a547e 
Dealt to 6d2629f2 
Dealt to Hero [7s Qd]
Dealt to 7e0356cd 
c13a547e: calls 1,500
6d2629f2: folds
Hero: folds
7e0356cd: folds
9a7df332: folds
1a6f93c9: calls 750
3142c00a: checks
*** FLOP *** [4c Ad 2c]
1a6f93c9: checks
3142c00a: checks
c13a547e: bets 1,832
1a6f93c9: folds
3142c00a: folds
Uncalled bet (1,832) returned to c13a547e
*** SHOWDOWN ***
c13a547e collected 5,550 from pot
*** SUMMARY ***
Total pot 5,550 | Rake 0 | Jackpot 0 | Bingo 0 | Fortune 0 | Tax 0
Board [4c Ad 2c]
Seat 1: 9a7df332 (button) folded before Flop
Seat 2: 1a6f93c9 (small blind) folded on the Flop
Seat 3: 3142c00a (big blind) folded on the Flop
Seat 5: c13a547e won (5,550)
Seat 6: 6d2629f2 folded before Flop
Seat 7: Hero folded before Flop
Seat 8: 7e0356cd folded before Flop


Poker Hand #TM93390629: Tournament #5678775, $8 Satellite to GGMasters $150, 1 Seat Hold'em No Limit - Level12(750/1,500) - 2026/02/01 01:18:34
Table '1' 8-max Seat #8 is the button
Seat 1: 9a7df332 (27,956 in chips)
Seat 2: 1a6f93c9 (15,645 in chips)
Seat 3: 3142c00a (10,422 in chips)
Seat 5: c13a547e (33,590 in chips)
Seat 6: 6d2629f2 (12,616 in chips)
Seat 7: Hero (28,597 in chips)
Seat 8: 7e0356cd (21,174 in chips)
c13a547e: posts the ante 150
7e0356cd: posts the ante 150
3142c00a: posts the ante 150
Hero: posts the ante 150
6d2629f2: posts the ante 150
1a6f93c9: posts the ante 150
9a7df332: posts the ante 150
9a7df332: posts small blind 750
1a6f93c9: posts big blind 1,500
*** HOLE CARDS ***
Dealt to 9a7df332 
Dealt to 1a6f93c9 
Dealt to 3142c00a 
Dealt to c13a547e 
Dealt to 6d2629f2 
Dealt to Hero [2c 2d]
Dealt to 7e0356cd 
3142c00a: folds
c13a547e: calls 1,500
6d2629f2: folds
Hero: calls 1,500
7e0356cd: folds
9a7df332: folds
1a6f93c9: raises 13,995 to 15,495 and is all-in
c13a547e: folds
Hero: folds
Uncalled bet (13,995) returned to 1a6f93c9
*** SHOWDOWN ***
1a6f93c9 collected 6,300 from pot
*** SUMMARY ***
Total pot 6,300 | Rake 0 | Jackpot 0 | Bingo 0 | Fortune 0 | Tax 0
Seat 1: 9a7df332 (small blind) folded before Flop
Seat 2: 1a6f93c9 (big blind) collected (6,300)
Seat 3: 3142c00a folded before Flop
Seat 5: c13a547e folded before Flop
Seat 6: 6d2629f2 folded before Flop
Seat 7: Hero folded before Flop
Seat 8: 7e0356cd (button) folded before Flop


Poker Hand #TM93390625: Tournament #5678775, $8 Satellite to GGMasters $150, 1 Seat Hold'em No Limit - Level12(750/1,500) - 2026/02/01 01:18:15
Table '1' 8-max Seat #7 is the button
Seat 1: 9a7df332 (26,306 in chips)
Seat 2: 1a6f93c9 (15,795 in chips)
Seat 3: 3142c00a (10,572 in chips)
Seat 5: c13a547e (33,740 in chips)
Seat 6: 6d2629f2 (12,766 in chips)
Seat 7: Hero (28,747 in chips)
Seat 8: 7e0356cd (22,074 in chips)
c13a547e: posts the ante 150
3142c00a: posts the ante 150
7e0356cd: posts the ante 150
Hero: posts the ante 150
6d2629f2: posts the ante 150
1a6f93c9: posts the ante 150
9a7df332: posts the ante 150
7e0356cd: posts small blind 750
9a7df332: posts big blind 1,500
*** HOLE CARDS ***
Dealt to 9a7df332 
Dealt to 1a6f93c9 
Dealt to 3142c00a 
Dealt to c13a547e 
Dealt to 6d2629f2 
Dealt to Hero [Kh 4c]
Dealt to 7e0356cd 
1a6f93c9: folds
3142c00a: folds
c13a547e: folds
6d2629f2: folds
Hero: folds
7e0356cd: folds
Uncalled bet (750) returned to 9a7df332
*** SHOWDOWN ***
9a7df332 collected 2,550 from pot
*** SUMMARY ***
Total pot 2,550 | Rake 0 | Jackpot 0 | Bingo 0 | Fortune 0 | Tax 0
Seat 1: 9a7df332 (big blind) collected (2,550)
Seat 2: 1a6f93c9 folded before Flop
Seat 3: 3142c00a folded before Flop
Seat 5: c13a547e folded before Flop
Seat 6: 6d2629f2 folded before Flop
Seat 7: Hero (button) folded before Flop
Seat 8: 7e0356cd (small blind) folded before Flop


Poker Hand #TM93390622: Tournament #5678775, $8 Satellite to GGMasters $150, 1 Seat Hold'em No Limit - Level12(750/1,500) - 2026/02/01 01:17:39
Table '1' 8-max Seat #6 is the button
Seat 1: 9a7df332 (26,456 in chips)
Seat 2: 1a6f93c9 (12,645 in chips)
Seat 3: 3142c00a (10,722 in chips)
Seat 5: c13a547e (33,890 in chips)
Seat 6: 6d2629f2 (12,916 in chips)
Seat 7: Hero (29,647 in chips)
Seat 8: 7e0356cd (23,724 in chips)
c13a547e: posts the ante 150
3142c00a: posts the ante 150
7e0356cd: posts the ante 150
6d2629f2: posts the ante 150
Hero: posts the ante 150
1a6f93c9: posts the ante 150
9a7df332: posts the ante 150
Hero: posts small blind 750
7e0356cd: posts big blind 1,500
*** HOLE CARDS ***
Dealt to 9a7df332 
Dealt to 1a6f93c9 
Dealt to 3142c00a 
Dealt to c13a547e 
Dealt to 6d2629f2 
Dealt to Hero [8d Qh]
Dealt to 7e0356cd 
9a7df332: folds
1a6f93c9: raises 10,995 to 12,495 and is all-in
3142c00a: folds
c13a547e: folds
6d2629f2: folds
Hero: folds
7e0356cd: folds
Uncalled bet (10,995) returned to 1a6f93c9
*** SHOWDOWN ***
1a6f93c9 collected 4,800 from pot
*** SUMMARY ***
Total pot 4,800 | Rake 0 | Jackpot 0 | Bingo 0 | Fortune 0 | Tax 0
Seat 1: 9a7df332 folded before Flop
Seat 2: 1a6f93c9 collected (4,800)
Seat 3: 3142c00a folded before Flop
Seat 5: c13a547e folded before Flop
Seat 6: 6d2629f2 (button) folded before Flop
Seat 7: Hero (small blind) folded before Flop
Seat 8: 7e0356cd (big blind) folded before Flop


Poker Hand #TM93390616: Tournament #5678775, $8 Satellite to GGMasters $150, 1 Seat Hold'em No Limit - Level12(750/1,500) - 2026/02/01 01:17:04
Table '1' 8-max Seat #5 is the button
Seat 1: 9a7df332 (26,606 in chips)
Seat 2: 1a6f93c9 (12,795 in chips)
Seat 3: 3142c00a (10,872 in chips)
Seat 5: c13a547e (34,040 in chips)
Seat 6: 6d2629f2 (14,566 in chips)
Seat 7: Hero (27,247 in chips)
Seat 8: 7e0356cd (23,874 in chips)
c13a547e: posts the ante 150
3142c00a: posts the ante 150
7e0356cd: posts the ante 150
Hero: posts the ante 150
6d2629f2: posts the ante 150
1a6f93c9: posts the ante 150
9a7df332: posts the ante 150
6d2629f2: posts small blind 750
Hero: posts big blind 1,500
*** HOLE CARDS ***
Dealt to 9a7df332 
Dealt to 1a6f93c9 
Dealt to 3142c00a 
Dealt to c13a547e 
Dealt to 6d2629f2 
Dealt to Hero [Td 8c]
Dealt to 7e0356cd 
7e0356cd: folds
9a7df332: folds
1a6f93c9: folds
3142c00a: folds
c13a547e: folds
6d2629f2: calls 750
Hero: checks
*** FLOP *** [As 8h Tc]
6d2629f2: checks
Hero: checks
*** TURN *** [As 8h Tc] [Jc]
6d2629f2: checks
Hero: bets 1,500
6d2629f2: folds
Uncalled bet (1,500) returned to Hero
*** SHOWDOWN ***
Hero collected 4,050 from pot
*** SUMMARY ***
Total pot 4,050 | Rake 0 | Jackpot 0 | Bingo 0 | Fortune 0 | Tax 0
Board [As 8h Tc Jc]
Seat 1: 9a7df332 folded before Flop
Seat 2: 1a6f93c9 folded before Flop
Seat 3: 3142c00a folded before Flop
Seat 5: c13a547e (button) folded before Flop
Seat 6: 6d2629f2 (small blind) folded on the Turn
Seat 7: Hero (big blind) showed [Td 8c] and won (4,050)
Seat 8: 7e0356cd folded before Flop


Poker Hand #TM93390614: Tournament #5678775, $8 Satellite to GGMasters $150, 1 Seat Hold'em No Limit - Level12(750/1,500) - 2026/02/01 01:16:49
Table '1' 8-max Seat #3 is the button
Seat 1: 9a7df332 (26,756 in chips)
Seat 2: 1a6f93c9 (12,945 in chips)
Seat 3: 3142c00a (11,022 in chips)
Seat 5: c13a547e (34,940 in chips)
Seat 6: 6d2629f2 (12,916 in chips)
Seat 7: Hero (27,397 in chips)
Seat 8: 7e0356cd (24,024 in chips)
c13a547e: posts the ante 150
3142c00a: posts the ante 150
7e0356cd: posts the ante 150
Hero: posts the ante 150
6d2629f2: posts the ante 150
1a6f93c9: posts the ante 150
9a7df332: posts the ante 150
c13a547e: posts small blind 750
6d2629f2: posts big blind 1,500
*** HOLE CARDS ***
Dealt to 9a7df332 
Dealt to 1a6f93c9 
Dealt to 3142c00a 
Dealt to c13a547e 
Dealt to 6d2629f2 
Dealt to Hero [8s 6h]
Dealt to 7e0356cd 
Hero: folds
7e0356cd: folds
9a7df332: folds
1a6f93c9: folds
3142c00a: folds
c13a547e: folds
Uncalled bet (750) returned to 6d2629f2
*** SHOWDOWN ***
6d2629f2 collected 2,550 from pot
*** SUMMARY ***
Total pot 2,550 | Rake 0 | Jackpot 0 | Bingo 0 | Fortune 0 | Tax 0
Seat 1: 9a7df332 folded before Flop
Seat 2: 1a6f93c9 folded before Flop
Seat 3: 3142c00a (button) folded before Flop
Seat 5: c13a547e (small blind) folded before Flop
Seat 6: 6d2629f2 (big blind) collected (2,550)
Seat 7: Hero folded before Flop
Seat 8: 7e0356cd folded before Flop


Poker Hand #TM93390610: Tournament #5678775, $8 Satellite to GGMasters $150, 1 Seat Hold'em No Limit - Level12(750/1,500) - 2026/02/01 01:16:33
Table '1' 8-max Seat #2 is the button
Seat 1: 9a7df332 (26,906 in chips)
Seat 2: 1a6f93c9 (13,095 in chips)
Seat 3: 3142c00a (11,922 in chips)
Seat 5: c13a547e (33,290 in chips)
Seat 6: 6d2629f2 (13,066 in chips)
Seat 7: Hero (27,547 in chips)
Seat 8: 7e0356cd (24,174 in chips)
c13a547e: posts the ante 150
7e0356cd: posts the ante 150
3142c00a: posts the ante 150
Hero: posts the ante 150
6d2629f2: posts the ante 150
1a6f93c9: posts the ante 150
9a7df332: posts the ante 150
3142c00a: posts small blind 750
c13a547e: posts big blind 1,500
*** HOLE CARDS ***
Dealt to 9a7df332 
Dealt to 1a6f93c9 
Dealt to 3142c00a 
Dealt to c13a547e 
Dealt to 6d2629f2 
Dealt to Hero [9h Qc]
Dealt to 7e0356cd 
6d2629f2: folds
Hero: folds
7e0356cd: folds
9a7df332: folds
1a6f93c9: folds
3142c00a: folds
Uncalled bet (750) returned to c13a547e
*** SHOWDOWN ***
c13a547e collected 2,550 from pot
*** SUMMARY ***
Total pot 2,550 | Rake 0 | Jackpot 0 | Bingo 0 | Fortune 0 | Tax 0
Seat 1: 9a7df332 folded before Flop
Seat 2: 1a6f93c9 (button) folded before Flop
Seat 3: 3142c00a (small blind) folded before Flop
Seat 5: c13a547e (big blind) collected (2,550)
Seat 6: 6d2629f2 folded before Flop
Seat 7: Hero folded before Flop
Seat 8: 7e0356cd folded before Flop


Poker Hand #TM93390605: Tournament #5678775, $8 Satellite to GGMasters $150, 1 Seat Hold'em No Limit - Level12(750/1,500) - 2026/02/01 01:15:58
Table '1' 8-max Seat #1 is the button
Seat 1: 9a7df332 (23,756 in chips)
Seat 2: 1a6f93c9 (13,995 in chips)
Seat 3: 3142c00a (13,572 in chips)
Seat 5: c13a547e (33,440 in chips)
Seat 6: 6d2629f2 (13,216 in chips)
Seat 7: Hero (27,697 in chips)
Seat 8: 7e0356cd (24,324 in chips)
c13a547e: posts the ante 150
7e0356cd: posts the ante 150
3142c00a: posts the ante 150
Hero: posts the ante 150
6d2629f2: posts the ante 150
9a7df332: posts the ante 150
1a6f93c9: posts the ante 150
1a6f93c9: posts small blind 750
3142c00a: posts big blind 1,500
*** HOLE CARDS ***
Dealt to 9a7df332 
Dealt to 1a6f93c9 
Dealt to 3142c00a 
Dealt to c13a547e 
Dealt to 6d2629f2 
Dealt to Hero [Qs 9d]
Dealt to 7e0356cd 
c13a547e: folds
6d2629f2: folds
Hero: folds
7e0356cd: folds
9a7df332: raises 22,106 to 23,606 and is all-in
1a6f93c9: folds
3142c00a: folds
Uncalled bet (22,106) returned to 9a7df332
*** SHOWDOWN ***
9a7df332 collected 4,800 from pot
*** SUMMARY ***
Total pot 4,800 | Rake 0 | Jackpot 0 | Bingo 0 | Fortune 0 | Tax 0
Seat 1: 9a7df332 (button) collected (4,800)
Seat 2: 1a6f93c9 (small blind) folded before Flop
Seat 3: 3142c00a (big blind) folded before Flop
Seat 5: c13a547e folded before Flop
Seat 6: 6d2629f2 folded before Flop
Seat 7: Hero folded before Flop
Seat 8: 7e0356cd folded before Flop


Poker Hand #TM93390599: Tournament #5678775, $8 Satellite to GGMasters $150, 1 Seat Hold'em No Limit - Level11(500/1,000) - 2026/02/01 01:15:02
Table '1' 8-max Seat #8 is the button
Seat 1: 9a7df332 (24,856 in chips)
Seat 2: 1a6f93c9 (12,395 in chips)
Seat 3: 3142c00a (13,672 in chips)
Seat 5: c13a547e (33,540 in chips)
Seat 6: 6d2629f2 (13,316 in chips)
Seat 7: Hero (27,797 in chips)
Seat 8: 7e0356cd (24,424 in chips)
c13a547e: posts the ante 100
7e0356cd: posts the ante 100
3142c00a: posts the ante 100
Hero: posts the ante 100
6d2629f2: posts the ante 100
1a6f93c9: posts the ante 100
9a7df332: posts the ante 100
9a7df332: posts small blind 500
1a6f93c9: posts big blind 1,000
*** HOLE CARDS ***
Dealt to 9a7df332 
Dealt to 1a6f93c9 
Dealt to 3142c00a 
Dealt to c13a547e 
Dealt to 6d2629f2 
Dealt to Hero [8c 6s]
Dealt to 7e0356cd 
3142c00a: folds
c13a547e: folds
6d2629f2: folds
Hero: folds
7e0356cd: folds
9a7df332: calls 500
1a6f93c9: checks
*** FLOP *** [Qd 8h Ac]
9a7df332: checks
1a6f93c9: checks
*** TURN *** [Qd 8h Ac] [6h]
9a7df332: checks
1a6f93c9: checks
*** RIVER *** [Qd 8h Ac 6h] [4c]
9a7df332: checks
1a6f93c9: checks
9a7df332: shows [4s Jc] (a pair of Fours)
1a6f93c9: shows [9d 6c] (a pair of Sixes)
*** SHOWDOWN ***
1a6f93c9 collected 2,700 from pot
*** SUMMARY ***
Total pot 2,700 | Rake 0 | Jackpot 0 | Bingo 0 | Fortune 0 | Tax 0
Board [Qd 8h Ac 6h 4c]
Seat 1: 9a7df332 (small blind) showed [4s Jc] and lost with a pair of Fours
Seat 2: 1a6f93c9 (big blind) showed [9d 6c] and won (2,700) with a pair of Sixes
Seat 3: 3142c00a folded before Flop
Seat 5: c13a547e folded before Flop
Seat 6: 6d2629f2 folded before Flop
Seat 7: Hero folded before Flop
Seat 8: 7e0356cd (button) folded before Flop


Poker Hand #TM93390595: Tournament #5678775, $8 Satellite to GGMasters $150, 1 Seat Hold'em No Limit - Level11(500/1,000) - 2026/02/01 01:14:36
Table '1' 8-max Seat #7 is the button
Seat 1: 9a7df332 (23,756 in chips)
Seat 2: 1a6f93c9 (12,495 in chips)
Seat 3: 3142c00a (13,772 in chips)
Seat 5: c13a547e (33,640 in chips)
Seat 6: 6d2629f2 (13,416 in chips)
Seat 7: Hero (27,897 in chips)
Seat 8: 7e0356cd (25,024 in chips)
c13a547e: posts the ante 100
3142c00a: posts the ante 100
7e0356cd: posts the ante 100
Hero: posts the ante 100
6d2629f2: posts the ante 100
1a6f93c9: posts the ante 100
9a7df332: posts the ante 100
7e0356cd: posts small blind 500
9a7df332: posts big blind 1,000
*** HOLE CARDS ***
Dealt to 9a7df332 
Dealt to 1a6f93c9 
Dealt to 3142c00a 
Dealt to c13a547e 
Dealt to 6d2629f2 
Dealt to Hero [2s 5c]
Dealt to 7e0356cd 
1a6f93c9: folds
3142c00a: folds
c13a547e: folds
6d2629f2: folds
Hero: folds
7e0356cd: folds
Uncalled bet (500) returned to 9a7df332
*** SHOWDOWN ***
9a7df332 collected 1,700 from pot
*** SUMMARY ***
Total pot 1,700 | Rake 0 | Jackpot 0 | Bingo 0 | Fortune 0 | Tax 0
Seat 1: 9a7df332 (big blind) collected (1,700)
Seat 2: 1a6f93c9 folded before Flop
Seat 3: 3142c00a folded before Flop
Seat 5: c13a547e folded before Flop
Seat 6: 6d2629f2 folded before Flop
Seat 7: Hero (button) folded before Flop
Seat 8: 7e0356cd (small blind) folded before Flop


Poker Hand #TM93390588: Tournament #5678775, $8 Satellite to GGMasters $150, 1 Seat Hold'em No Limit - Level11(500/1,000) - 2026/02/01 01:13:56
Table '1' 8-max Seat #6 is the button
Seat 1: 9a7df332 (23,856 in chips)
Seat 2: 1a6f93c9 (12,595 in chips)
Seat 3: 3142c00a (15,872 in chips)
Seat 5: c13a547e (33,740 in chips)
Seat 6: 6d2629f2 (13,516 in chips)
Seat 7: Hero (24,297 in chips)
Seat 8: 7e0356cd (26,124 in chips)
c13a547e: posts the ante 100
3142c00a: posts the ante 100
7e0356cd: posts the ante 100
6d2629f2: posts the ante 100
Hero: posts the ante 100
1a6f93c9: posts the ante 100
9a7df332: posts the ante 100
Hero: posts small blind 500
7e0356cd: posts big blind 1,000
*** HOLE CARDS ***
Dealt to 9a7df332 
Dealt to 1a6f93c9 
Dealt to 3142c00a 
Dealt to c13a547e 
Dealt to 6d2629f2 
Dealt to Hero [As 3s]
Dealt to 7e0356cd 
9a7df332: folds
1a6f93c9: folds
3142c00a: raises 1,000 to 2,000
c13a547e: folds
6d2629f2: folds
Hero: raises 4,000 to 6,000
7e0356cd: folds
3142c00a: folds
Uncalled bet (4,000) returned to Hero
*** SHOWDOWN ***
Hero collected 5,700 from pot
*** SUMMARY ***
Total pot 5,700 | Rake 0 | Jackpot 0 | Bingo 0 | Fortune 0 | Tax 0
Seat 1: 9a7df332 folded before Flop
Seat 2: 1a6f93c9 folded before Flop
Seat 3: 3142c00a folded before Flop
Seat 5: c13a547e folded before Flop
Seat 6: 6d2629f2 (button) folded before Flop
Seat 7: Hero (small blind) collected (5,700)
Seat 8: 7e0356cd (big blind) folded before Flop


Poker Hand #TM93390583: Tournament #5678775, $8 Satellite to GGMasters $150, 1 Seat Hold'em No Limit - Level11(500/1,000) - 2026/02/01 01:13:09
Table '1' 8-max Seat #5 is the button
Seat 1: 9a7df332 (23,956 in chips)
Seat 2: 1a6f93c9 (12,695 in chips)
Seat 3: 3142c00a (15,972 in chips)
Seat 5: c13a547e (29,140 in chips)
Seat 6: 6d2629f2 (15,616 in chips)
Seat 7: Hero (26,397 in chips)
Seat 8: 7e0356cd (26,224 in chips)
c13a547e: posts the ante 100
3142c00a: posts the ante 100
7e0356cd: posts the ante 100
Hero: posts the ante 100
6d2629f2: posts the ante 100
1a6f93c9: posts the ante 100
9a7df332: posts the ante 100
6d2629f2: posts small blind 500
Hero: posts big blind 1,000
*** HOLE CARDS ***
Dealt to 9a7df332 
Dealt to 1a6f93c9 
Dealt to 3142c00a 
Dealt to c13a547e 
Dealt to 6d2629f2 
Dealt to Hero [8c Kd]
Dealt to 7e0356cd 
7e0356cd: folds
9a7df332: folds
1a6f93c9: folds
3142c00a: folds
c13a547e: raises 1,000 to 2,000
6d2629f2: calls 1,500
Hero: calls 1,000
*** FLOP *** [5c Js 2d]
6d2629f2: checks
Hero: checks
c13a547e: bets 5,025
6d2629f2: folds
Hero: folds
Uncalled bet (5,025) returned to c13a547e
*** SHOWDOWN ***
c13a547e collected 6,700 from pot
*** SUMMARY ***
Total pot 6,700 | Rake 0 | Jackpot 0 | Bingo 0 | Fortune 0 | Tax 0
Board [5c Js 2d]
Seat 1: 9a7df332 folded before Flop
Seat 2: 1a6f93c9 folded before Flop
Seat 3: 3142c00a folded before Flop
Seat 5: c13a547e (button) won (6,700)
Seat 6: 6d2629f2 (small blind) folded on the Flop
Seat 7: Hero (big blind) folded on the Flop
Seat 8: 7e0356cd folded before Flop


Poker Hand #TM93390580: Tournament #5678775, $8 Satellite to GGMasters $150, 1 Seat Hold'em No Limit - Level11(500/1,000) - 2026/02/01 01:12:35
Table '1' 8-max Seat #3 is the button
Seat 1: 9a7df332 (24,056 in chips)
Seat 2: 1a6f93c9 (10,595 in chips)
Seat 3: 3142c00a (16,072 in chips)
Seat 5: c13a547e (29,740 in chips)
Seat 6: 6d2629f2 (16,716 in chips)
Seat 7: Hero (26,497 in chips)
Seat 8: 7e0356cd (26,324 in chips)
c13a547e: posts the ante 100
3142c00a: posts the ante 100
7e0356cd: posts the ante 100
Hero: posts the ante 100
6d2629f2: posts the ante 100
1a6f93c9: posts the ante 100
9a7df332: posts the ante 100
c13a547e: posts small blind 500
6d2629f2: posts big blind 1,000
*** HOLE CARDS ***
Dealt to 9a7df332 
Dealt to 1a6f93c9 
Dealt to 3142c00a 
Dealt to c13a547e 
Dealt to 6d2629f2 
Dealt to Hero [4c 5h]
Dealt to 7e0356cd 
Hero: folds
7e0356cd: folds
9a7df332: folds
1a6f93c9: raises 9,495 to 10,495 and is all-in
3142c00a: folds
c13a547e: folds
6d2629f2: folds
Uncalled bet (9,495) returned to 1a6f93c9
*** SHOWDOWN ***
1a6f93c9 collected 3,200 from pot
*** SUMMARY ***
Total pot 3,200 | Rake 0 | Jackpot 0 | Bingo 0 | Fortune 0 | Tax 0
Seat 1: 9a7df332 folded before Flop
Seat 2: 1a6f93c9 collected (3,200)
Seat 3: 3142c00a (button) folded before Flop
Seat 5: c13a547e (small blind) folded before Flop
Seat 6: 6d2629f2 (big blind) folded before Flop
Seat 7: Hero folded before Flop
Seat 8: 7e0356cd folded before Flop


Poker Hand #TM93390569: Tournament #5678775, $8 Satellite to GGMasters $150, 1 Seat Hold'em No Limit - Level11(500/1,000) - 2026/02/01 01:11:29
Table '1' 8-max Seat #2 is the button
Seat 1: 9a7df332 (24,156 in chips)
Seat 2: 1a6f93c9 (10,695 in chips)
Seat 3: 3142c00a (11,710 in chips)
Seat 4: bd8fca0c (3,762 in chips)
Seat 5: c13a547e (29,840 in chips)
Seat 6: 6d2629f2 (16,816 in chips)
Seat 7: Hero (26,597 in chips)
Seat 8: 7e0356cd (26,424 in chips)
c13a547e: posts the ante 100
7e0356cd: posts the ante 100
3142c00a: posts the ante 100
bd8fca0c: posts the ante 100
Hero: posts the ante 100
6d2629f2: posts the ante 100
1a6f93c9: posts the ante 100
9a7df332: posts the ante 100
3142c00a: posts small blind 500
bd8fca0c: posts big blind 1,000
*** HOLE CARDS ***
Dealt to 9a7df332 
Dealt to 1a6f93c9 
Dealt to 3142c00a 
Dealt to bd8fca0c 
Dealt to c13a547e 
Dealt to 6d2629f2 
Dealt to Hero [3s 7d]
Dealt to 7e0356cd 
c13a547e: folds
6d2629f2: folds
Hero: folds
7e0356cd: folds
9a7df332: folds
1a6f93c9: folds
3142c00a: raises 2,800 to 3,800
bd8fca0c: calls 2,662 and is all-in
Uncalled bet (138) returned to 3142c00a
3142c00a: shows [As 9s]
bd8fca0c: shows [Td Jh]
*** FLOP *** [2d 2c 3h]
*** TURN *** [2d 2c 3h] [8d]
*** RIVER *** [2d 2c 3h 8d] [Ac]
*** SHOWDOWN ***
3142c00a collected 8,124 from pot
*** SUMMARY ***
Total pot 8,124 | Rake 0 | Jackpot 0 | Bingo 0 | Fortune 0 | Tax 0
Board [2d 2c 3h 8d Ac]
Seat 1: 9a7df332 folded before Flop
Seat 2: 1a6f93c9 (button) folded before Flop
Seat 3: 3142c00a (small blind) showed [As 9s] and won (8,124) with two pair, Aces and Twos
Seat 4: bd8fca0c (big blind) showed [Td Jh] and lost with a pair of Twos
Seat 5: c13a547e folded before Flop
Seat 6: 6d2629f2 folded before Flop
Seat 7: Hero folded before Flop
Seat 8: 7e0356cd folded before Flop


Poker Hand #TM93390560: Tournament #5678775, $8 Satellite to GGMasters $150, 1 Seat Hold'em No Limit - Level11(500/1,000) - 2026/02/01 01:10:31
Table '1' 8-max Seat #1 is the button
Seat 1: 9a7df332 (24,256 in chips)
Seat 2: 1a6f93c9 (11,295 in chips)
Seat 3: 3142c00a (12,810 in chips)
Seat 4: bd8fca0c (17,632 in chips)
Seat 5: c13a547e (13,870 in chips)
Seat 6: 6d2629f2 (16,916 in chips)
Seat 7: Hero (26,697 in chips)
Seat 8: 7e0356cd (26,524 in chips)
c13a547e: posts the ante 100
7e0356cd: posts the ante 100
3142c00a: posts the ante 100
bd8fca0c: posts the ante 100
Hero: posts the ante 100
6d2629f2: posts the ante 100
9a7df332: posts the ante 100
1a6f93c9: posts the ante 100
1a6f93c9: posts small blind 500
3142c00a: posts big blind 1,000
*** HOLE CARDS ***
Dealt to 9a7df332 
Dealt to 1a6f93c9 
Dealt to 3142c00a 
Dealt to bd8fca0c 
Dealt to c13a547e 
Dealt to 6d2629f2 
Dealt to Hero [7d Kh]
Dealt to 7e0356cd 
bd8fca0c: raises 1,000 to 2,000
c13a547e: calls 2,000
6d2629f2: folds
Hero: folds
7e0356cd: folds
9a7df332: folds
1a6f93c9: folds
3142c00a: folds
*** FLOP *** [Th Jc Js]
bd8fca0c: checks
c13a547e: checks
*** TURN *** [Th Jc Js] [9s]
bd8fca0c: bets 3,000
c13a547e: raises 3,000 to 6,000
bd8fca0c: calls 3,000
*** RIVER *** [Th Jc Js 9s] [7h]
bd8fca0c: bets 9,532 and is all-in
c13a547e: calls 5,770 and is all-in
Uncalled bet (3,762) returned to bd8fca0c
bd8fca0c: shows [Jh Kc] (three of a kind, Jacks)
c13a547e: shows [8s Qs] (a straight, Queen to Eight)
1a6f93c9: shows [8d Qd] (a straight, Queen to Eight)
*** SHOWDOWN ***
c13a547e collected 29,840 from pot
*** SUMMARY ***
Total pot 29,840 | Rake 0 | Jackpot 0 | Bingo 0 | Fortune 0 | Tax 0
Board [Th Jc Js 9s 7h]
Seat 1: 9a7df332 (button) folded before Flop
Seat 2: 1a6f93c9 (small blind) folded before Flop
Seat 3: 3142c00a (big blind) folded before Flop
Seat 4: bd8fca0c showed [Jh Kc] and lost with three of a kind, Jacks
Seat 5: c13a547e showed [8s Qs] and won (29,840) with a straight, Queen to Eight
Seat 6: 6d2629f2 folded before Flop
Seat 7: Hero folded before Flop
Seat 8: 7e0356cd folded before Flop


Poker Hand #TM93390550: Tournament #5678775, $8 Satellite to GGMasters $150, 1 Seat Hold'em No Limit - Level10(400/800) - 2026/02/01 01:09:45
Table '1' 8-max Seat #8 is the button
Seat 1: 9a7df332 (10,688 in chips)
Seat 2: 1a6f93c9 (12,175 in chips)
Seat 3: 3142c00a (12,890 in chips)
Seat 4: bd8fca0c (28,320 in chips)
Seat 5: c13a547e (15,550 in chips)
Seat 6: 6d2629f2 (16,996 in chips)
Seat 7: Hero (26,777 in chips)
Seat 8: 7e0356cd (26,604 in chips)
c13a547e: posts the ante 80
7e0356cd: posts the ante 80
3142c00a: posts the ante 80
bd8fca0c: posts the ante 80
Hero: posts the ante 80
6d2629f2: posts the ante 80
1a6f93c9: posts the ante 80
9a7df332: posts the ante 80
9a7df332: posts small blind 400
1a6f93c9: posts big blind 800
*** HOLE CARDS ***
Dealt to 9a7df332 
Dealt to 1a6f93c9 
Dealt to 3142c00a 
Dealt to bd8fca0c 
Dealt to c13a547e 
Dealt to 6d2629f2 
Dealt to Hero [7s 5c]
Dealt to 7e0356cd 
3142c00a: folds
bd8fca0c: raises 800 to 1,600
c13a547e: calls 1,600
6d2629f2: folds
Hero: folds
7e0356cd: folds
9a7df332: raises 9,008 to 10,608 and is all-in
1a6f93c9: folds
bd8fca0c: raises 14,192 to 24,800
c13a547e: folds
Uncalled bet (14,192) returned to bd8fca0c
bd8fca0c: shows [9s 9d]
9a7df332: shows [Qd Qh]
*** FLOP *** [8h 8s Jh]
*** TURN *** [8h 8s Jh] [Qs]
*** RIVER *** [8h 8s Jh Qs] [Td]
*** SHOWDOWN ***
9a7df332 collected 24,256 from pot
*** SUMMARY ***
Total pot 24,256 | Rake 0 | Jackpot 0 | Bingo 0 | Fortune 0 | Tax 0
Board [8h 8s Jh Qs Td]
Seat 1: 9a7df332 (small blind) showed [Qd Qh] and won (24,256) with a full house, Queens full of Eights
Seat 2: 1a6f93c9 (big blind) folded before Flop
Seat 3: 3142c00a folded before Flop
Seat 4: bd8fca0c showed [9s 9d] and lost with a straight, Queen to Eight
Seat 5: c13a547e folded before Flop
Seat 6: 6d2629f2 folded before Flop
Seat 7: Hero folded before Flop
Seat 8: 7e0356cd (button) folded before Flop


Poker Hand #TM93390545: Tournament #5678775, $8 Satellite to GGMasters $150, 1 Seat Hold'em No Limit - Level10(400/800) - 2026/02/01 01:09:10
Table '1' 8-max Seat #7 is the button
Seat 1: 9a7df332 (11,568 in chips)
Seat 2: 1a6f93c9 (12,255 in chips)
Seat 3: 3142c00a (12,970 in chips)
Seat 4: bd8fca0c (30,000 in chips)
Seat 5: c13a547e (12,190 in chips)
Seat 6: 6d2629f2 (17,076 in chips)
Seat 7: Hero (26,857 in chips)
Seat 8: 7e0356cd (27,084 in chips)
c13a547e: posts the ante 80
3142c00a: posts the ante 80
7e0356cd: posts the ante 80
bd8fca0c: posts the ante 80
Hero: posts the ante 80
6d2629f2: posts the ante 80
1a6f93c9: posts the ante 80
9a7df332: posts the ante 80
7e0356cd: posts small blind 400
9a7df332: posts big blind 800
*** HOLE CARDS ***
Dealt to 9a7df332 
Dealt to 1a6f93c9 
Dealt to 3142c00a 
Dealt to bd8fca0c 
Dealt to c13a547e 
Dealt to 6d2629f2 
Dealt to Hero [7h 8c]
Dealt to 7e0356cd 
1a6f93c9: folds
3142c00a: folds
bd8fca0c: raises 800 to 1,600
c13a547e: raises 10,510 to 12,110 and is all-in
6d2629f2: folds
Hero: folds
7e0356cd: folds
9a7df332: folds
bd8fca0c: folds
Uncalled bet (10,510) returned to c13a547e
*** SHOWDOWN ***
c13a547e collected 5,040 from pot
*** SUMMARY ***
Total pot 5,040 | Rake 0 | Jackpot 0 | Bingo 0 | Fortune 0 | Tax 0
Seat 1: 9a7df332 (big blind) folded before Flop
Seat 2: 1a6f93c9 folded before Flop
Seat 3: 3142c00a folded before Flop
Seat 4: bd8fca0c folded before Flop
Seat 5: c13a547e collected (5,040)
Seat 6: 6d2629f2 folded before Flop
Seat 7: Hero (button) folded before Flop
Seat 8: 7e0356cd (small blind) folded before Flop


Poker Hand #TM93390543: Tournament #5678775, $8 Satellite to GGMasters $150, 1 Seat Hold'em No Limit - Level10(400/800) - 2026/02/01 01:08:45
Table '1' 8-max Seat #6 is the button
Seat 1: 9a7df332 (11,648 in chips)
Seat 2: 1a6f93c9 (12,335 in chips)
Seat 3: 3142c00a (13,050 in chips)
Seat 4: bd8fca0c (30,080 in chips)
Seat 5: c13a547e (12,270 in chips)
Seat 6: 6d2629f2 (17,156 in chips)
Seat 7: Hero (27,337 in chips)
Seat 8: 7e0356cd (26,124 in chips)
c13a547e: posts the ante 80
3142c00a: posts the ante 80
7e0356cd: posts the ante 80
bd8fca0c: posts the ante 80
6d2629f2: posts the ante 80
Hero: posts the ante 80
1a6f93c9: posts the ante 80
9a7df332: posts the ante 80
Hero: posts small blind 400
7e0356cd: posts big blind 800
*** HOLE CARDS ***
Dealt to 9a7df332 
Dealt to 1a6f93c9 
Dealt to 3142c00a 
Dealt to bd8fca0c 
Dealt to c13a547e 
Dealt to 6d2629f2 
Dealt to Hero [6d Td]
Dealt to 7e0356cd 
9a7df332: folds
1a6f93c9: folds
3142c00a: folds
bd8fca0c: folds
c13a547e: folds
6d2629f2: folds
Hero: folds
Uncalled bet (400) returned to 7e0356cd
*** SHOWDOWN ***
7e0356cd collected 1,440 from pot
*** SUMMARY ***
Total pot 1,440 | Rake 0 | Jackpot 0 | Bingo 0 | Fortune 0 | Tax 0
Seat 1: 9a7df332 folded before Flop
Seat 2: 1a6f93c9 folded before Flop
Seat 3: 3142c00a folded before Flop
Seat 4: bd8fca0c folded before Flop
Seat 5: c13a547e folded before Flop
Seat 6: 6d2629f2 (button) folded before Flop
Seat 7: Hero (small blind) folded before Flop
Seat 8: 7e0356cd (big blind) collected (1,440)


Poker Hand #TM93390539: Tournament #5678775, $8 Satellite to GGMasters $150, 1 Seat Hold'em No Limit - Level10(400/800) - 2026/02/01 01:08:15
Table '1' 8-max Seat #5 is the button
Seat 1: 9a7df332 (11,728 in chips)
Seat 2: 1a6f93c9 (10,575 in chips)
Seat 3: 3142c00a (13,130 in chips)
Seat 4: bd8fca0c (30,160 in chips)
Seat 5: c13a547e (12,350 in chips)
Seat 6: 6d2629f2 (17,636 in chips)
Seat 7: Hero (28,217 in chips)
Seat 8: 7e0356cd (26,204 in chips)
c13a547e: posts the ante 80
3142c00a: posts the ante 80
7e0356cd: posts the ante 80
bd8fca0c: posts the ante 80
Hero: posts the ante 80
6d2629f2: posts the ante 80
1a6f93c9: posts the ante 80
9a7df332: posts the ante 80
6d2629f2: posts small blind 400
Hero: posts big blind 800
*** HOLE CARDS ***
Dealt to 9a7df332 
Dealt to 1a6f93c9 
Dealt to 3142c00a 
Dealt to bd8fca0c 
Dealt to c13a547e 
Dealt to 6d2629f2 
Dealt to Hero [Jd Kh]
Dealt to 7e0356cd 
7e0356cd: folds
9a7df332: folds
1a6f93c9: raises 9,695 to 10,495 and is all-in
3142c00a: folds
bd8fca0c: folds
c13a547e: folds
6d2629f2: folds
Hero: folds
Uncalled bet (9,695) returned to 1a6f93c9
*** SHOWDOWN ***
1a6f93c9 collected 2,640 from pot
*** SUMMARY ***
Total pot 2,640 | Rake 0 | Jackpot 0 | Bingo 0 | Fortune 0 | Tax 0
Seat 1: 9a7df332 folded before Flop
Seat 2: 1a6f93c9 collected (2,640)
Seat 3: 3142c00a folded before Flop
Seat 4: bd8fca0c folded before Flop
Seat 5: c13a547e (button) folded before Flop
Seat 6: 6d2629f2 (small blind) folded before Flop
Seat 7: Hero (big blind) folded before Flop
Seat 8: 7e0356cd folded before Flop


Poker Hand #TM93390533: Tournament #5678775, $8 Satellite to GGMasters $150, 1 Seat Hold'em No Limit - Level10(400/800) - 2026/02/01 01:07:25
Table '1' 8-max Seat #4 is the button
Seat 1: 9a7df332 (11,808 in chips)
Seat 2: 1a6f93c9 (10,655 in chips)
Seat 3: 3142c00a (13,210 in chips)
Seat 4: bd8fca0c (30,240 in chips)
Seat 5: c13a547e (10,990 in chips)
Seat 6: 6d2629f2 (18,516 in chips)
Seat 7: Hero (28,297 in chips)
Seat 8: 7e0356cd (26,284 in chips)
c13a547e: posts the ante 80
3142c00a: posts the ante 80
7e0356cd: posts the ante 80
bd8fca0c: posts the ante 80
Hero: posts the ante 80
6d2629f2: posts the ante 80
1a6f93c9: posts the ante 80
9a7df332: posts the ante 80
c13a547e: posts small blind 400
6d2629f2: posts big blind 800
*** HOLE CARDS ***
Dealt to 9a7df332 
Dealt to 1a6f93c9 
Dealt to 3142c00a 
Dealt to bd8fca0c 
Dealt to c13a547e 
Dealt to 6d2629f2 
Dealt to Hero [5s 8d]
Dealt to 7e0356cd 
Hero: folds
7e0356cd: folds
9a7df332: folds
1a6f93c9: folds
3142c00a: folds
bd8fca0c: folds
c13a547e: calls 400
6d2629f2: checks
*** FLOP *** [5d Th 6h]
c13a547e: checks
6d2629f2: checks
*** TURN *** [5d Th 6h] [2h]
c13a547e: checks
6d2629f2: checks
*** RIVER *** [5d Th 6h 2h] [9c]
c13a547e: checks
6d2629f2: checks
c13a547e: shows [Kc 8c] (King high)
6d2629f2: shows [4h Js] (Jack high)
1a6f93c9: shows [2d 9h] (two pair, Nines and Twos)
c13a547e: shows [Kc 8c] (King high)
6d2629f2: shows [4h Js] (Jack high)
*** SHOWDOWN ***
c13a547e collected 2,240 from pot
*** SUMMARY ***
Total pot 2,240 | Rake 0 | Jackpot 0 | Bingo 0 | Fortune 0 | Tax 0
Board [5d Th 6h 2h 9c]
Seat 1: 9a7df332 folded before Flop
Seat 2: 1a6f93c9 folded before Flop
Seat 3: 3142c00a folded before Flop
Seat 4: bd8fca0c (button) folded before Flop
Seat 5: c13a547e (small blind) showed [Kc 8c] and won (2,240) with King high
Seat 6: 6d2629f2 (big blind) showed [4h Js] and lost with Jack high
Seat 7: Hero folded before Flop
Seat 8: 7e0356cd folded before Flop


Poker Hand #TM93390530: Tournament #5678775, $8 Satellite to GGMasters $150, 1 Seat Hold'em No Limit - Level10(400/800) - 2026/02/01 01:06:49
Table '1' 8-max Seat #3 is the button
Seat 1: 9a7df332 (11,888 in chips)
Seat 2: 1a6f93c9 (10,735 in chips)
Seat 3: 3142c00a (13,290 in chips)
Seat 4: bd8fca0c (30,720 in chips)
Seat 5: c13a547e (12,670 in chips)
Seat 6: 6d2629f2 (18,596 in chips)
Seat 7: Hero (25,737 in chips)
Seat 8: 7e0356cd (26,364 in chips)
c13a547e: posts the ante 80
3142c00a: posts the ante 80
7e0356cd: posts the ante 80
bd8fca0c: posts the ante 80
Hero: posts the ante 80
6d2629f2: posts the ante 80
1a6f93c9: posts the ante 80
9a7df332: posts the ante 80
bd8fca0c: posts small blind 400
c13a547e: posts big blind 800
*** HOLE CARDS ***
Dealt to 9a7df332 
Dealt to 1a6f93c9 
Dealt to 3142c00a 
Dealt to bd8fca0c 
Dealt to c13a547e 
Dealt to 6d2629f2 
Dealt to Hero [4c 4h]
Dealt to 7e0356cd 
6d2629f2: folds
Hero: raises 800 to 1,600
7e0356cd: folds
9a7df332: folds
1a6f93c9: folds
3142c00a: folds
bd8fca0c: folds
c13a547e: calls 800
*** FLOP *** [4s Jd Js]
c13a547e: checks
Hero: bets 800
c13a547e: folds
Uncalled bet (800) returned to Hero
c13a547e: shows [Kc]
Hero: shows [4c 4h] (a full house, Fours full of Jacks)
*** SHOWDOWN ***
Hero collected 4,240 from pot
*** SUMMARY ***
Total pot 4,240 | Rake 0 | Jackpot 0 | Bingo 0 | Fortune 0 | Tax 0
Board [4s Jd Js]
Seat 1: 9a7df332 folded before Flop
Seat 2: 1a6f93c9 folded before Flop
Seat 3: 3142c00a (button) folded before Flop
Seat 4: bd8fca0c (small blind) folded before Flop
Seat 5: c13a547e (big blind) folded on the Flop
Seat 6: 6d2629f2 folded before Flop
Seat 7: Hero showed [4c 4h] and won (4,240)
Seat 8: 7e0356cd folded before Flop


Poker Hand #TM93390520: Tournament #5678775, $8 Satellite to GGMasters $150, 1 Seat Hold'em No Limit - Level10(400/800) - 2026/02/01 01:05:44
Table '1' 8-max Seat #2 is the button
Seat 1: 9a7df332 (11,968 in chips)
Seat 2: 1a6f93c9 (15,940 in chips)
Seat 3: 3142c00a (5,205 in chips)
Seat 4: bd8fca0c (31,600 in chips)
Seat 5: c13a547e (12,750 in chips)
Seat 6: 6d2629f2 (18,676 in chips)
Seat 7: Hero (27,417 in chips)
Seat 8: 7e0356cd (26,444 in chips)
c13a547e: posts the ante 80
7e0356cd: posts the ante 80
3142c00a: posts the ante 80
bd8fca0c: posts the ante 80
Hero: posts the ante 80
6d2629f2: posts the ante 80
1a6f93c9: posts the ante 80
9a7df332: posts the ante 80
3142c00a: posts small blind 400
bd8fca0c: posts big blind 800
*** HOLE CARDS ***
Dealt to 9a7df332 
Dealt to 1a6f93c9 
Dealt to 3142c00a 
Dealt to bd8fca0c 
Dealt to c13a547e 
Dealt to 6d2629f2 
Dealt to Hero [4h 4s]
Dealt to 7e0356cd 
c13a547e: folds
6d2629f2: folds
Hero: raises 800 to 1,600
7e0356cd: folds
9a7df332: folds
1a6f93c9: calls 1,600
3142c00a: calls 1,200
bd8fca0c: folds
*** FLOP *** [2d Qs 6d]
3142c00a: bets 3,525 and is all-in
Hero: folds
1a6f93c9: calls 3,525
3142c00a: shows [Ac 2h] (a pair of Twos)
1a6f93c9: shows [Ks As] (Ace high)
*** TURN *** [2d Qs 6d] [6h]
*** RIVER *** [2d Qs 6d 6h] [Jd]
*** SHOWDOWN ***
3142c00a collected 13,290 from pot
*** SUMMARY ***
Total pot 13,290 | Rake 0 | Jackpot 0 | Bingo 0 | Fortune 0 | Tax 0
Board [2d Qs 6d 6h Jd]
Seat 1: 9a7df332 folded before Flop
Seat 2: 1a6f93c9 (button) showed [Ks As] and lost with a pair of Sixes
Seat 3: 3142c00a (small blind) showed [Ac 2h] and won (13,290) with two pair, Sixes and Twos
Seat 4: bd8fca0c (big blind) folded before Flop
Seat 5: c13a547e folded before Flop
Seat 6: 6d2629f2 folded before Flop
Seat 7: Hero folded on the Flop
Seat 8: 7e0356cd folded before Flop


Poker Hand #TM93390514: Tournament #5678775, $8 Satellite to GGMasters $150, 1 Seat Hold'em No Limit - Level9(300/600) - 2026/02/01 01:05:00
Table '1' 8-max Seat #1 is the button
Seat 1: 9a7df332 (12,028 in chips)
Seat 2: 1a6f93c9 (7,880 in chips)
Seat 3: 3142c00a (13,085 in chips)
Seat 5: c13a547e (12,810 in chips)
Seat 7: Hero (27,477 in chips)
c13a547e: posts the ante 60
3142c00a: posts the ante 60
Hero: posts the ante 60
9a7df332: posts the ante 60
1a6f93c9: posts the ante 60
1a6f93c9: posts small blind 300
3142c00a: posts big blind 600
*** HOLE CARDS ***
Dealt to 9a7df332 
Dealt to 1a6f93c9 
Dealt to 3142c00a 
Dealt to c13a547e 
Dealt to Hero [5h 8h]
c13a547e: folds
Hero: folds
9a7df332: folds
1a6f93c9: calls 300
3142c00a: checks
*** FLOP *** [6h 3s Tc]
1a6f93c9: bets 750
3142c00a: calls 750
*** TURN *** [6h 3s Tc] [7c]
1a6f93c9: bets 6,470 and is all-in
3142c00a: calls 6,470
1a6f93c9: shows [Ts 8d] (a pair of Tens)
3142c00a: shows [Td 5d] (a pair of Tens)
*** RIVER *** [6h 3s Tc 7c] [Qs]
*** SHOWDOWN ***
1a6f93c9 collected 15,940 from pot
*** SUMMARY ***
Total pot 15,940 | Rake 0 | Jackpot 0 | Bingo 0 | Fortune 0 | Tax 0
Board [6h 3s Tc 7c Qs]
Seat 1: 9a7df332 (button) folded before Flop
Seat 2: 1a6f93c9 (small blind) showed [Ts 8d] and won (15,940) with a pair of Tens
Seat 3: 3142c00a (big blind) showed [Td 5d] and lost with a pair of Tens
Seat 5: c13a547e folded before Flop
Seat 7: Hero folded before Flop


Poker Hand #TM93390510: Tournament #5678775, $8 Satellite to GGMasters $150, 1 Seat Hold'em No Limit - Level9(300/600) - 2026/02/01 01:04:38
Table '1' 8-max Seat #7 is the button
Seat 1: 9a7df332 (10,588 in chips)
Seat 2: 1a6f93c9 (8,540 in chips)
Seat 3: 3142c00a (13,145 in chips)
Seat 5: c13a547e (13,470 in chips)
Seat 7: Hero (27,537 in chips)
c13a547e: posts the ante 60
3142c00a: posts the ante 60
Hero: posts the ante 60
1a6f93c9: posts the ante 60
9a7df332: posts the ante 60
9a7df332: posts small blind 300
1a6f93c9: posts big blind 600
*** HOLE CARDS ***
Dealt to 9a7df332 
Dealt to 1a6f93c9 
Dealt to 3142c00a 
Dealt to c13a547e 
Dealt to Hero [6s 3c]
3142c00a: folds
c13a547e: calls 600
Hero: folds
9a7df332: raises 9,928 to 10,528 and is all-in
1a6f93c9: folds
c13a547e: folds
Uncalled bet (9,928) returned to 9a7df332
*** SHOWDOWN ***
9a7df332 collected 2,100 from pot
*** SUMMARY ***
Total pot 2,100 | Rake 0 | Jackpot 0 | Bingo 0 | Fortune 0 | Tax 0
Seat 1: 9a7df332 (small blind) collected (2,100)
Seat 2: 1a6f93c9 (big blind) folded before Flop
Seat 3: 3142c00a folded before Flop
Seat 5: c13a547e folded before Flop
Seat 7: Hero (button) folded before Flop


Poker Hand #TM93390502: Tournament #5678775, $8 Satellite to GGMasters $150, 1 Seat Hold'em No Limit - Level9(300/600) - 2026/02/01 01:03:26
Table '1' 8-max Seat #5 is the button
Seat 1: 9a7df332 (11,248 in chips)
Seat 2: 1a6f93c9 (8,600 in chips)
Seat 3: 3142c00a (15,662 in chips)
Seat 5: c13a547e (13,530 in chips)
Seat 7: Hero (24,240 in chips)
c13a547e: posts the ante 60
3142c00a: posts the ante 60
Hero: posts the ante 60
1a6f93c9: posts the ante 60
9a7df332: posts the ante 60
Hero: posts small blind 300
9a7df332: posts big blind 600
*** HOLE CARDS ***
Dealt to 9a7df332 
Dealt to 1a6f93c9 
Dealt to 3142c00a 
Dealt to c13a547e 
Dealt to Hero [Ah 7s]
1a6f93c9: folds
3142c00a: raises 600 to 1,200
c13a547e: folds
Hero: calls 900
9a7df332: folds
*** FLOP *** [8s 9c 6d]
Hero: checks
3142c00a: checks
*** TURN *** [8s 9c 6d] [Js]
Hero: bets 1,257
3142c00a: calls 1,257
*** RIVER *** [8s 9c 6d Js] [Tc]
Hero: bets 5,280
3142c00a: folds
Uncalled bet (5,280) returned to Hero
*** SHOWDOWN ***
Hero collected 5,814 from pot
*** SUMMARY ***
Total pot 5,814 | Rake 0 | Jackpot 0 | Bingo 0 | Fortune 0 | Tax 0
Board [8s 9c 6d Js Tc]
Seat 1: 9a7df332 (big blind) folded before Flop
Seat 2: 1a6f93c9 folded before Flop
Seat 3: 3142c00a folded on the River
Seat 5: c13a547e (button) folded before Flop
Seat 7: Hero (small blind) won (5,814)


Poker Hand #TM93390496: Tournament #5678775, $8 Satellite to GGMasters $150, 1 Seat Hold'em No Limit - Level9(300/600) - 2026/02/01 01:02:38
Table '1' 8-max Seat #3 is the button
Seat 1: 9a7df332 (11,308 in chips)
Seat 2: 1a6f93c9 (8,660 in chips)
Seat 3: 3142c00a (15,722 in chips)
Seat 5: c13a547e (12,690 in chips)
Seat 7: Hero (24,900 in chips)
c13a547e: posts the ante 60
3142c00a: posts the ante 60
Hero: posts the ante 60
1a6f93c9: posts the ante 60
9a7df332: posts the ante 60
c13a547e: posts small blind 300
Hero: posts big blind 600
*** HOLE CARDS ***
Dealt to 9a7df332 
Dealt to 1a6f93c9 
Dealt to 3142c00a 
Dealt to c13a547e 
Dealt to Hero [6h 3h]
9a7df332: folds
1a6f93c9: folds
3142c00a: folds
c13a547e: calls 300
Hero: checks
*** FLOP *** [2s Ac Qs]
c13a547e: checks
Hero: checks
*** TURN *** [2s Ac Qs] [Kh]
c13a547e: checks
Hero: checks
*** RIVER *** [2s Ac Qs Kh] [Ad]
c13a547e: checks
Hero: checks
c13a547e: shows [9d Th] (a pair of Aces)
Hero: shows [6h 3h] (a pair of Aces)
*** SHOWDOWN ***
c13a547e collected 1,500 from pot
*** SUMMARY ***
Total pot 1,500 | Rake 0 | Jackpot 0 | Bingo 0 | Fortune 0 | Tax 0
Board [2s Ac Qs Kh Ad]
Seat 1: 9a7df332 folded before Flop
Seat 2: 1a6f93c9 folded before Flop
Seat 3: 3142c00a (button) folded before Flop
Seat 5: c13a547e (small blind) showed [9d Th] and won (1,500) with a pair of Aces
Seat 7: Hero (big blind) showed [6h 3h] and lost with a pair of Aces


Poker Hand #TM93390486: Tournament #5678775, $8 Satellite to GGMasters $150, 1 Seat Hold'em No Limit - Level9(300/600) - 2026/02/01 01:01:51
Table '1' 8-max Seat #2 is the button
Seat 1: 9a7df332 (13,360 in chips)
Seat 2: 1a6f93c9 (8,720 in chips)
Seat 3: 3142c00a (12,890 in chips)
Seat 5: c13a547e (13,350 in chips)
Seat 7: Hero (24,960 in chips)
c13a547e: posts the ante 60
3142c00a: posts the ante 60
Hero: posts the ante 60
1a6f93c9: posts the ante 60
9a7df332: posts the ante 60
3142c00a: posts small blind 300
c13a547e: posts big blind 600
*** HOLE CARDS ***
Dealt to 9a7df332 
Dealt to 1a6f93c9 
Dealt to 3142c00a 
Dealt to c13a547e 
Dealt to Hero [6d Tc]
Hero: folds
9a7df332: raises 600 to 1,200
1a6f93c9: folds
3142c00a: calls 900
c13a547e: folds
*** FLOP *** [5c 2d Kd]
3142c00a: checks
9a7df332: bets 792
3142c00a: calls 792
*** TURN *** [5c 2d Kd] [4d]
3142c00a: checks
9a7df332: checks
*** RIVER *** [5c 2d Kd 4d] [8d]
3142c00a: checks
9a7df332: checks
3142c00a: shows [Qs Ks] (a pair of Kings)
9a7df332: shows [Ah Jc] (Ace high)
*** SHOWDOWN ***
3142c00a collected 4,884 from pot
*** SUMMARY ***
Total pot 4,884 | Rake 0 | Jackpot 0 | Bingo 0 | Fortune 0 | Tax 0
Board [5c 2d Kd 4d 8d]
Seat 1: 9a7df332 showed [Ah Jc] and lost with Ace high
Seat 2: 1a6f93c9 (button) folded before Flop
Seat 3: 3142c00a (small blind) showed [Qs Ks] and won (4,884) with a pair of Kings
Seat 5: c13a547e (big blind) folded before Flop
Seat 7: Hero folded before Flop


Poker Hand #TM93390481: Tournament #5678775, $8 Satellite to GGMasters $150, 1 Seat Hold'em No Limit - Level9(300/600) - 2026/02/01 01:01:08
Table '1' 8-max Seat #1 is the button
Seat 1: 9a7df332 (13,420 in chips)
Seat 2: 1a6f93c9 (13,130 in chips)
Seat 3: 3142c00a (8,300 in chips)
Seat 5: c13a547e (13,410 in chips)
Seat 7: Hero (25,020 in chips)
c13a547e: posts the ante 60
3142c00a: posts the ante 60
Hero: posts the ante 60
9a7df332: posts the ante 60
1a6f93c9: posts the ante 60
1a6f93c9: posts small blind 300
3142c00a: posts big blind 600
*** HOLE CARDS ***
Dealt to 9a7df332 
Dealt to 1a6f93c9 
Dealt to 3142c00a 
Dealt to c13a547e 
Dealt to Hero [Kh 9c]
c13a547e: folds
Hero: folds
9a7df332: folds
1a6f93c9: calls 300
3142c00a: checks
*** FLOP *** [Ts Qc Td]
1a6f93c9: bets 750
3142c00a: calls 750
*** TURN *** [Ts Qc Td] [Js]
1a6f93c9: checks
3142c00a: checks
*** RIVER *** [Ts Qc Td Js] [3s]
1a6f93c9: checks
3142c00a: bets 3,000
1a6f93c9: calls 3,000
3142c00a: shows [Kc 9s] (a straight, King to Nine)
1a6f93c9: shows [3c 5h] (two pair, Tens and Threes)
*** SHOWDOWN ***
3142c00a collected 9,000 from pot
*** SUMMARY ***
Total pot 9,000 | Rake 0 | Jackpot 0 | Bingo 0 | Fortune 0 | Tax 0
Board [Ts Qc Td Js 3s]
Seat 1: 9a7df332 (button) folded before Flop
Seat 2: 1a6f93c9 (small blind) showed [3c 5h] and lost with two pair, Tens and Threes
Seat 3: 3142c00a (big blind) showed [Kc 9s] and won (9,000) with a straight, King to Nine
Seat 5: c13a547e folded before Flop
Seat 7: Hero folded before Flop


Poker Hand #TM93390479: Tournament #5678775, $8 Satellite to GGMasters $150, 1 Seat Hold'em No Limit - Level9(300/600) - 2026/02/01 01:00:43
Table '1' 8-max Seat #7 is the button
Seat 1: 9a7df332 (13,780 in chips)
Seat 2: 1a6f93c9 (12,590 in chips)
Seat 3: 3142c00a (8,360 in chips)
Seat 5: c13a547e (13,470 in chips)
Seat 7: Hero (25,080 in chips)
c13a547e: posts the ante 60
3142c00a: posts the ante 60
Hero: posts the ante 60
1a6f93c9: posts the ante 60
9a7df332: posts the ante 60
9a7df332: posts small blind 300
1a6f93c9: posts big blind 600
*** HOLE CARDS ***
Dealt to 9a7df332 
Dealt to 1a6f93c9 
Dealt to 3142c00a 
Dealt to c13a547e 
Dealt to Hero [8h 7d]
3142c00a: folds
c13a547e: folds
Hero: folds
9a7df332: folds
Uncalled bet (300) returned to 1a6f93c9
*** SHOWDOWN ***
1a6f93c9 collected 900 from pot
*** SUMMARY ***
Total pot 900 | Rake 0 | Jackpot 0 | Bingo 0 | Fortune 0 | Tax 0
Seat 1: 9a7df332 (small blind) folded before Flop
Seat 2: 1a6f93c9 (big blind) collected (900)
Seat 3: 3142c00a folded before Flop
Seat 5: c13a547e folded before Flop
Seat 7: Hero (button) folded before Flop


Poker Hand #TM93390473: Tournament #5678775, $8 Satellite to GGMasters $150, 1 Seat Hold'em No Limit - Level9(300/600) - 2026/02/01 01:00:17
Table '1' 8-max Seat #5 is the button
Seat 1: 9a7df332 (14,440 in chips)
Seat 2: 1a6f93c9 (12,650 in chips)
Seat 3: 3142c00a (7,220 in chips)
Seat 5: c13a547e (13,530 in chips)
Seat 7: Hero (25,440 in chips)
c13a547e: posts the ante 60
3142c00a: posts the ante 60
Hero: posts the ante 60
1a6f93c9: posts the ante 60
9a7df332: posts the ante 60
Hero: posts small blind 300
9a7df332: posts big blind 600
*** HOLE CARDS ***
Dealt to 9a7df332 
Dealt to 1a6f93c9 
Dealt to 3142c00a 
Dealt to c13a547e 
Dealt to Hero [7s 5c]
1a6f93c9: folds
3142c00a: raises 6,560 to 7,160 and is all-in
c13a547e: folds
Hero: folds
9a7df332: folds
Uncalled bet (6,560) returned to 3142c00a
*** SHOWDOWN ***
3142c00a collected 1,800 from pot
*** SUMMARY ***
Total pot 1,800 | Rake 0 | Jackpot 0 | Bingo 0 | Fortune 0 | Tax 0
Seat 1: 9a7df332 (big blind) folded before Flop
Seat 2: 1a6f93c9 folded before Flop
Seat 3: 3142c00a collected (1,800)
Seat 5: c13a547e (button) folded before Flop
Seat 7: Hero (small blind) folded before Flop


Poker Hand #TM93390468: Tournament #5678775, $8 Satellite to GGMasters $150, 1 Seat Hold'em No Limit - Level8(250/500) - 2026/02/01 00:54:30
Table '1' 8-max Seat #3 is the button
Seat 1: 9a7df332 (14,490 in chips)
Seat 2: 1a6f93c9 (12,700 in chips)
Seat 3: 3142c00a (7,270 in chips)
Seat 4: 1d0257d0 (4,950 in chips)
Seat 5: c13a547e (8,380 in chips)
Seat 7: Hero (25,490 in chips)
c13a547e: posts the ante 50
3142c00a: posts the ante 50
1d0257d0: posts the ante 50
Hero: posts the ante 50
1a6f93c9: posts the ante 50
9a7df332: posts the ante 50
1d0257d0: posts small blind 250
c13a547e: posts big blind 500
*** HOLE CARDS ***
Dealt to 9a7df332 
Dealt to 1a6f93c9 
Dealt to 3142c00a 
Dealt to 1d0257d0 
Dealt to c13a547e 
Dealt to Hero [6c Js]
Hero: folds
9a7df332: folds
1a6f93c9: folds
3142c00a: folds
1d0257d0: raises 4,400 to 4,900 and is all-in
c13a547e: calls 4,400
1d0257d0: shows [5s Ah]
c13a547e: shows [5h 5d]
*** FLOP *** [8d Jc 3d]
*** TURN *** [8d Jc 3d] [2c]
*** RIVER *** [8d Jc 3d 2c] [2s]
*** SHOWDOWN ***
c13a547e collected 10,100 from pot
*** SUMMARY ***
Total pot 10,100 | Rake 0 | Jackpot 0 | Bingo 0 | Fortune 0 | Tax 0
Board [8d Jc 3d 2c 2s]
Seat 1: 9a7df332 folded before Flop
Seat 2: 1a6f93c9 folded before Flop
Seat 3: 3142c00a (button) folded before Flop
Seat 4: 1d0257d0 (small blind) showed [5s Ah] and lost with a pair of Twos
Seat 5: c13a547e (big blind) showed [5h 5d] and won (10,100) with two pair, Fives and Twos
Seat 7: Hero folded before Flop


Poker Hand #TM93390462: Tournament #5678775, $8 Satellite to GGMasters $150, 1 Seat Hold'em No Limit - Level8(250/500) - 2026/02/01 00:54:02
Table '1' 8-max Seat #2 is the button
Seat 1: 9a7df332 (14,540 in chips)
Seat 2: 1a6f93c9 (12,750 in chips)
Seat 3: 3142c00a (7,570 in chips)
Seat 4: 1d0257d0 (5,500 in chips)
Seat 5: c13a547e (8,430 in chips)
Seat 7: Hero (24,490 in chips)
c13a547e: posts the ante 50
3142c00a: posts the ante 50
1d0257d0: posts the ante 50
Hero: posts the ante 50
1a6f93c9: posts the ante 50
9a7df332: posts the ante 50
3142c00a: posts small blind 250
1d0257d0: posts big blind 500
*** HOLE CARDS ***
Dealt to 9a7df332 
Dealt to 1a6f93c9 
Dealt to 3142c00a 
Dealt to 1d0257d0 
Dealt to c13a547e 
Dealt to Hero [8s Ah]
c13a547e: folds
Hero: raises 500 to 1,000
9a7df332: folds
1a6f93c9: folds
3142c00a: folds
1d0257d0: folds
Uncalled bet (500) returned to Hero
*** SHOWDOWN ***
Hero collected 1,550 from pot
*** SUMMARY ***
Total pot 1,550 | Rake 0 | Jackpot 0 | Bingo 0 | Fortune 0 | Tax 0
Seat 1: 9a7df332 folded before Flop
Seat 2: 1a6f93c9 (button) folded before Flop
Seat 3: 3142c00a (small blind) folded before Flop
Seat 4: 1d0257d0 (big blind) folded before Flop
Seat 5: c13a547e folded before Flop
Seat 7: Hero collected (1,550)


Poker Hand #TM93390459: Tournament #5678775, $8 Satellite to GGMasters $150, 1 Seat Hold'em No Limit - Level8(250/500) - 2026/02/01 00:53:46
Table '1' 8-max Seat #1 is the button
Seat 1: 9a7df332 (14,590 in chips)
Seat 2: 1a6f93c9 (13,050 in chips)
Seat 3: 3142c00a (7,070 in chips)
Seat 4: 1d0257d0 (5,550 in chips)
Seat 5: c13a547e (8,480 in chips)
Seat 7: Hero (24,540 in chips)
c13a547e: posts the ante 50
3142c00a: posts the ante 50
1d0257d0: posts the ante 50
Hero: posts the ante 50
9a7df332: posts the ante 50
1a6f93c9: posts the ante 50
1a6f93c9: posts small blind 250
3142c00a: posts big blind 500
*** HOLE CARDS ***
Dealt to 9a7df332 
Dealt to 1a6f93c9 
Dealt to 3142c00a 
Dealt to 1d0257d0 
Dealt to c13a547e 
Dealt to Hero [Ac 6h]
1d0257d0: folds
c13a547e: folds
Hero: folds
9a7df332: folds
1a6f93c9: folds
Uncalled bet (250) returned to 3142c00a
*** SHOWDOWN ***
3142c00a collected 800 from pot
*** SUMMARY ***
Total pot 800 | Rake 0 | Jackpot 0 | Bingo 0 | Fortune 0 | Tax 0
Seat 1: 9a7df332 (button) folded before Flop
Seat 2: 1a6f93c9 (small blind) folded before Flop
Seat 3: 3142c00a (big blind) collected (800)
Seat 4: 1d0257d0 folded before Flop
Seat 5: c13a547e folded before Flop
Seat 7: Hero folded before Flop


Poker Hand #TM93390452: Tournament #5678775, $8 Satellite to GGMasters $150, 1 Seat Hold'em No Limit - Level8(250/500) - 2026/02/01 00:53:04
Table '1' 8-max Seat #7 is the button
Seat 1: 9a7df332 (14,890 in chips)
Seat 2: 1a6f93c9 (11,550 in chips)
Seat 3: 3142c00a (7,120 in chips)
Seat 4: 1d0257d0 (5,600 in chips)
Seat 5: c13a547e (8,530 in chips)
Seat 7: Hero (25,590 in chips)
c13a547e: posts the ante 50
3142c00a: posts the ante 50
1d0257d0: posts the ante 50
Hero: posts the ante 50
1a6f93c9: posts the ante 50
9a7df332: posts the ante 50
9a7df332: posts small blind 250
1a6f93c9: posts big blind 500
*** HOLE CARDS ***
Dealt to 9a7df332 
Dealt to 1a6f93c9 
Dealt to 3142c00a 
Dealt to 1d0257d0 
Dealt to c13a547e 
Dealt to Hero [5c Ad]
3142c00a: folds
1d0257d0: folds
c13a547e: folds
Hero: raises 500 to 1,000
9a7df332: folds
1a6f93c9: calls 500
*** FLOP *** [Ts 7h 8s]
1a6f93c9: checks
Hero: checks
*** TURN *** [Ts 7h 8s] [9s]
1a6f93c9: bets 842
Hero: folds
Uncalled bet (842) returned to 1a6f93c9
*** SHOWDOWN ***
1a6f93c9 collected 2,550 from pot
*** SUMMARY ***
Total pot 2,550 | Rake 0 | Jackpot 0 | Bingo 0 | Fortune 0 | Tax 0
Board [Ts 7h 8s 9s]
Seat 1: 9a7df332 (small blind) folded before Flop
Seat 2: 1a6f93c9 (big blind) won (2,550)
Seat 3: 3142c00a folded before Flop
Seat 4: 1d0257d0 folded before Flop
Seat 5: c13a547e folded before Flop
Seat 7: Hero (button) folded on the Turn


Poker Hand #TM93390448: Tournament #5678775, $8 Satellite to GGMasters $150, 1 Seat Hold'em No Limit - Level8(250/500) - 2026/02/01 00:52:22
Table '1' 8-max Seat #5 is the button
Seat 1: 9a7df332 (13,890 in chips)
Seat 2: 1a6f93c9 (11,600 in chips)
Seat 3: 3142c00a (7,670 in chips)
Seat 4: 1d0257d0 (5,650 in chips)
Seat 5: c13a547e (8,580 in chips)
Seat 7: Hero (25,890 in chips)
c13a547e: posts the ante 50
3142c00a: posts the ante 50
1d0257d0: posts the ante 50
Hero: posts the ante 50
1a6f93c9: posts the ante 50
9a7df332: posts the ante 50
Hero: posts small blind 250
9a7df332: posts big blind 500
*** HOLE CARDS ***
Dealt to 9a7df332 
Dealt to 1a6f93c9 
Dealt to 3142c00a 
Dealt to 1d0257d0 
Dealt to c13a547e 
Dealt to Hero [9c 5d]
1a6f93c9: folds
3142c00a: calls 500
1d0257d0: folds
c13a547e: folds
Hero: folds
9a7df332: checks
*** FLOP *** [Ad 2h 5h]
9a7df332: checks
3142c00a: checks
*** TURN *** [Ad 2h 5h] [3d]
9a7df332: checks
3142c00a: checks
*** RIVER *** [Ad 2h 5h 3d] [2d]
9a7df332: checks
3142c00a: checks
9a7df332: shows [6h Jd] (a pair of Twos)
3142c00a: shows [7h 9h] (a pair of Twos)
1a6f93c9: shows [2c] (three of a kind, Twos)
9a7df332: shows [6h Jd] (a pair of Twos)
3142c00a: shows [7h 9h] (a pair of Twos)
*** SHOWDOWN ***
9a7df332 collected 1,550 from pot
*** SUMMARY ***
Total pot 1,550 | Rake 0 | Jackpot 0 | Bingo 0 | Fortune 0 | Tax 0
Board [Ad 2h 5h 3d 2d]
Seat 1: 9a7df332 (big blind) showed [6h Jd] and won (1,550) with a pair of Twos
Seat 2: 1a6f93c9 folded before Flop
Seat 3: 3142c00a showed [7h 9h] and lost with a pair of Twos
Seat 4: 1d0257d0 folded before Flop
Seat 5: c13a547e (button) folded before Flop
Seat 7: Hero (small blind) folded before Flop


Poker Hand #TM93390444: Tournament #5678775, $8 Satellite to GGMasters $150, 1 Seat Hold'em No Limit - Level8(250/500) - 2026/02/01 00:51:51
Table '1' 8-max Seat #4 is the button
Seat 1: 9a7df332 (13,940 in chips)
Seat 2: 1a6f93c9 (12,150 in chips)
Seat 3: 3142c00a (7,720 in chips)
Seat 4: 1d0257d0 (4,150 in chips)
Seat 5: c13a547e (8,880 in chips)
Seat 7: Hero (26,440 in chips)
c13a547e: posts the ante 50
3142c00a: posts the ante 50
1d0257d0: posts the ante 50
Hero: posts the ante 50
1a6f93c9: posts the ante 50
9a7df332: posts the ante 50
c13a547e: posts small blind 250
Hero: posts big blind 500
*** HOLE CARDS ***
Dealt to 9a7df332 
Dealt to 1a6f93c9 
Dealt to 3142c00a 
Dealt to 1d0257d0 
Dealt to c13a547e 
Dealt to Hero [5d 4s]
9a7df332: folds
1a6f93c9: calls 500
3142c00a: folds
1d0257d0: raises 3,600 to 4,100 and is all-in
c13a547e: folds
Hero: folds
1a6f93c9: folds
Uncalled bet (3,600) returned to 1d0257d0
*** SHOWDOWN ***
1d0257d0 collected 2,050 from pot
*** SUMMARY ***
Total pot 2,050 | Rake 0 | Jackpot 0 | Bingo 0 | Fortune 0 | Tax 0
Seat 1: 9a7df332 folded before Flop
Seat 2: 1a6f93c9 folded before Flop
Seat 3: 3142c00a folded before Flop
Seat 4: 1d0257d0 (button) collected (2,050)
Seat 5: c13a547e (small blind) folded before Flop
Seat 7: Hero (big blind) folded before Flop


Poker Hand #TM93390441: Tournament #5678775, $8 Satellite to GGMasters $150, 1 Seat Hold'em No Limit - Level8(250/500) - 2026/02/01 00:51:17
Table '1' 8-max Seat #3 is the button
Seat 1: 9a7df332 (13,990 in chips)
Seat 2: 1a6f93c9 (5,600 in chips)
Seat 3: 3142c00a (7,770 in chips)
Seat 4: 1d0257d0 (4,450 in chips)
Seat 5: c13a547e (9,430 in chips)
Seat 7: Hero (32,040 in chips)
c13a547e: posts the ante 50
3142c00a: posts the ante 50
1d0257d0: posts the ante 50
Hero: posts the ante 50
1a6f93c9: posts the ante 50
9a7df332: posts the ante 50
1d0257d0: posts small blind 250
c13a547e: posts big blind 500
*** HOLE CARDS ***
Dealt to 9a7df332 
Dealt to 1a6f93c9 
Dealt to 3142c00a 
Dealt to 1d0257d0 
Dealt to c13a547e 
Dealt to Hero [Ks Jd]
Hero: raises 500 to 1,000
9a7df332: folds
1a6f93c9: raises 4,550 to 5,550 and is all-in
3142c00a: folds
1d0257d0: folds
c13a547e: folds
Hero: calls 4,550
1a6f93c9: shows [Kh As]
Hero: shows [Ks Jd]
*** FLOP *** [8s 3c 3d]
*** TURN *** [8s 3c 3d] [Ad]
*** RIVER *** [8s 3c 3d Ad] [Qh]
*** SHOWDOWN ***
1a6f93c9 collected 12,150 from pot
*** SUMMARY ***
Total pot 12,150 | Rake 0 | Jackpot 0 | Bingo 0 | Fortune 0 | Tax 0
Board [8s 3c 3d Ad Qh]
Seat 1: 9a7df332 folded before Flop
Seat 2: 1a6f93c9 showed [Kh As] and won (12,150) with two pair, Aces and Threes
Seat 3: 3142c00a (button) folded before Flop
Seat 4: 1d0257d0 (small blind) folded before Flop
Seat 5: c13a547e (big blind) folded before Flop
Seat 7: Hero showed [Ks Jd] and lost with a pair of Threes


Poker Hand #TM93390437: Tournament #5678775, $8 Satellite to GGMasters $150, 1 Seat Hold'em No Limit - Level8(250/500) - 2026/02/01 00:50:40
Table '1' 8-max Seat #2 is the button
Seat 1: 9a7df332 (14,040 in chips)
Seat 2: 1a6f93c9 (4,600 in chips)
Seat 3: 3142c00a (8,070 in chips)
Seat 4: 1d0257d0 (5,000 in chips)
Seat 5: c13a547e (9,480 in chips)
Seat 7: Hero (32,090 in chips)
c13a547e: posts the ante 50
3142c00a: posts the ante 50
1d0257d0: posts the ante 50
Hero: posts the ante 50
1a6f93c9: posts the ante 50
9a7df332: posts the ante 50
3142c00a: posts small blind 250
1d0257d0: posts big blind 500
*** HOLE CARDS ***
Dealt to 9a7df332 
Dealt to 1a6f93c9 
Dealt to 3142c00a 
Dealt to 1d0257d0 
Dealt to c13a547e 
Dealt to Hero [4s Qs]
c13a547e: folds
Hero: folds
9a7df332: folds
1a6f93c9: raises 4,050 to 4,550 and is all-in
3142c00a: folds
1d0257d0: folds
Uncalled bet (4,050) returned to 1a6f93c9
*** SHOWDOWN ***
1a6f93c9 collected 1,550 from pot
*** SUMMARY ***
Total pot 1,550 | Rake 0 | Jackpot 0 | Bingo 0 | Fortune 0 | Tax 0
Seat 1: 9a7df332 folded before Flop
Seat 2: 1a6f93c9 (button) collected (1,550)
Seat 3: 3142c00a (small blind) folded before Flop
Seat 4: 1d0257d0 (big blind) folded before Flop
Seat 5: c13a547e folded before Flop
Seat 7: Hero folded before Flop


Poker Hand #TM93390433: Tournament #5678775, $8 Satellite to GGMasters $150, 1 Seat Hold'em No Limit - Level8(250/500) - 2026/02/01 00:50:13
Table '1' 8-max Seat #1 is the button
Seat 1: 9a7df332 (14,090 in chips)
Seat 2: 1a6f93c9 (3,900 in chips)
Seat 3: 3142c00a (8,620 in chips)
Seat 5: c13a547e (9,530 in chips)
Seat 7: Hero (32,140 in chips)
c13a547e: posts the ante 50
3142c00a: posts the ante 50
Hero: posts the ante 50
9a7df332: posts the ante 50
1a6f93c9: posts the ante 50
1a6f93c9: posts small blind 250
3142c00a: posts big blind 500
*** HOLE CARDS ***
Dealt to 9a7df332 
Dealt to 1a6f93c9 
Dealt to 3142c00a 
Dealt to c13a547e 
Dealt to Hero [Qh 6s]
c13a547e: folds
Hero: folds
9a7df332: folds
1a6f93c9: raises 3,350 to 3,850 and is all-in
3142c00a: folds
Uncalled bet (3,350) returned to 1a6f93c9
*** SHOWDOWN ***
1a6f93c9 collected 1,250 from pot
*** SUMMARY ***
Total pot 1,250 | Rake 0 | Jackpot 0 | Bingo 0 | Fortune 0 | Tax 0
Seat 1: 9a7df332 (button) folded before Flop
Seat 2: 1a6f93c9 (small blind) collected (1,250)
Seat 3: 3142c00a (big blind) folded before Flop
Seat 5: c13a547e folded before Flop
Seat 7: Hero folded before Flop


Poker Hand #TM93390426: Tournament #5678775, $8 Satellite to GGMasters $150, 1 Seat Hold'em No Limit - Level8(250/500) - 2026/02/01 00:49:34
Table '1' 8-max Seat #7 is the button
Seat 1: 9a7df332 (14,390 in chips)
Seat 2: 1a6f93c9 (4,950 in chips)
Seat 3: 3142c00a (8,670 in chips)
Seat 5: c13a547e (9,580 in chips)
Seat 7: Hero (30,690 in chips)
c13a547e: posts the ante 50
3142c00a: posts the ante 50
Hero: posts the ante 50
1a6f93c9: posts the ante 50
9a7df332: posts the ante 50
9a7df332: posts small blind 250
1a6f93c9: posts big blind 500
*** HOLE CARDS ***
Dealt to 9a7df332 
Dealt to 1a6f93c9 
Dealt to 3142c00a 
Dealt to c13a547e 
Dealt to Hero [9s Jc]
3142c00a: folds
c13a547e: folds
Hero: raises 500 to 1,000
9a7df332: folds
1a6f93c9: calls 500
*** FLOP *** [5s Js Jd]
1a6f93c9: checks
Hero: checks
*** TURN *** [5s Js Jd] [7c]
1a6f93c9: checks
Hero: bets 1,000
1a6f93c9: folds
Uncalled bet (1,000) returned to Hero
*** SHOWDOWN ***
Hero collected 2,500 from pot
*** SUMMARY ***
Total pot 2,500 | Rake 0 | Jackpot 0 | Bingo 0 | Fortune 0 | Tax 0
Board [5s Js Jd 7c]
Seat 1: 9a7df332 (small blind) folded before Flop
Seat 2: 1a6f93c9 (big blind) folded on the Turn
Seat 3: 3142c00a folded before Flop
Seat 5: c13a547e folded before Flop
Seat 7: Hero (button) showed [Jc] and won (2,500)


Poker Hand #TM93390418: Tournament #5678775, $8 Satellite to GGMasters $150, 1 Seat Hold'em No Limit - Level8(250/500) - 2026/02/01 00:48:51
Table '1' 8-max Seat #5 is the button
Seat 1: 9a7df332 (4,950 in chips)
Seat 2: 1a6f93c9 (5,000 in chips)
Seat 3: 3142c00a (8,720 in chips)
Seat 5: c13a547e (9,630 in chips)
Seat 6: 4645f09c (4,340 in chips)
Seat 7: Hero (35,640 in chips)
c13a547e: posts the ante 50
3142c00a: posts the ante 50
4645f09c: posts the ante 50
Hero: posts the ante 50
1a6f93c9: posts the ante 50
9a7df332: posts the ante 50
4645f09c: posts small blind 250
Hero: posts big blind 500
*** HOLE CARDS ***
Dealt to 9a7df332 
Dealt to 1a6f93c9 
Dealt to 3142c00a 
Dealt to c13a547e 
Dealt to 4645f09c 
Dealt to Hero [Ah 4c]
9a7df332: raises 4,400 to 4,900 and is all-in
1a6f93c9: folds
3142c00a: folds
c13a547e: folds
4645f09c: calls 4,040 and is all-in
Hero: calls 4,400
9a7df332: shows [Kd Js]
4645f09c: shows [8d Ac]
Hero: shows [Ah 4c]
*** FLOP *** [8s 6c Jc]
*** TURN *** [8s 6c Jc] [6s]
*** RIVER *** [8s 6c Jc 6s] [9c]
*** SHOWDOWN ***
9a7df332 collected 13,170 from pot
9a7df332 collected 1,220 from pot
*** SUMMARY ***
Total pot 14,390 | Rake 0 | Jackpot 0 | Bingo 0 | Fortune 0 | Tax 0
Board [8s 6c Jc 6s 9c]
Seat 1: 9a7df332 showed [Kd Js] and won (14,390) with two pair, Jacks and Sixes
Seat 2: 1a6f93c9 folded before Flop
Seat 3: 3142c00a folded before Flop
Seat 5: c13a547e (button) folded before Flop
Seat 6: 4645f09c (small blind) showed [8d Ac] and lost with two pair, Eights and Sixes
Seat 7: Hero (big blind) showed [Ah 4c] and lost with a pair of Sixes


Poker Hand #TM93390410: Tournament #5678775, $8 Satellite to GGMasters $150, 1 Seat Hold'em No Limit - Level8(250/500) - 2026/02/01 00:48:08
Table '1' 8-max Seat #3 is the button
Seat 1: 9a7df332 (5,000 in chips)
Seat 3: 3142c00a (8,770 in chips)
Seat 4: 17729303 (1,490 in chips)
Seat 5: c13a547e (10,180 in chips)
Seat 6: 4645f09c (4,390 in chips)
Seat 7: Hero (33,450 in chips)
c13a547e: posts the ante 50
3142c00a: posts the ante 50
4645f09c: posts the ante 50
Hero: posts the ante 50
9a7df332: posts the ante 50
17729303: posts the ante 50
17729303: posts small blind 250
c13a547e: posts big blind 500
*** HOLE CARDS ***
Dealt to 9a7df332 
Dealt to 3142c00a 
Dealt to 17729303 
Dealt to c13a547e 
Dealt to 4645f09c 
Dealt to Hero [Jd Kd]
4645f09c: folds
Hero: raises 500 to 1,000
9a7df332: folds
3142c00a: folds
17729303: raises 440 to 1,440 and is all-in
c13a547e: folds
Hero: calls 440
17729303: shows [Ad Jc]
Hero: shows [Jd Kd]
*** FLOP *** [9d 4c Tc]
*** TURN *** [9d 4c Tc] [Ah]
*** RIVER *** [9d 4c Tc Ah] [Qs]
*** SHOWDOWN ***
Hero collected 3,680 from pot
*** SUMMARY ***
Total pot 3,680 | Rake 0 | Jackpot 0 | Bingo 0 | Fortune 0 | Tax 0
Board [9d 4c Tc Ah Qs]
Seat 1: 9a7df332 folded before Flop
Seat 3: 3142c00a (button) folded before Flop
Seat 4: 17729303 (small blind) showed [Ad Jc] and lost with a pair of Aces
Seat 5: c13a547e (big blind) folded before Flop
Seat 6: 4645f09c folded before Flop
Seat 7: Hero showed [Jd Kd] and won (3,680) with a straight, Ace to Ten


Poker Hand #TM93390404: Tournament #5678775, $8 Satellite to GGMasters $150, 1 Seat Hold'em No Limit - Level8(250/500) - 2026/02/01 00:47:19
Table '1' 8-max Seat #7 is the button
Seat 1: c6579067 (4,480 in chips)
Seat 3: 3142c00a (9,320 in chips)
Seat 4: 17729303 (1,540 in chips)
Seat 5: c13a547e (5,000 in chips)
Seat 6: 4645f09c (4,440 in chips)
Seat 7: Hero (33,500 in chips)
c13a547e: posts the ante 50
3142c00a: posts the ante 50
4645f09c: posts the ante 50
Hero: posts the ante 50
17729303: posts the ante 50
c6579067: posts the ante 50
c6579067: posts small blind 250
3142c00a: posts big blind 500
*** HOLE CARDS ***
Dealt to c6579067 
Dealt to 3142c00a 
Dealt to 17729303 
Dealt to c13a547e 
Dealt to 4645f09c 
Dealt to Hero [Th 4h]
17729303: folds
c13a547e: calls 500
4645f09c: folds
Hero: folds
c6579067: raises 3,930 to 4,430 and is all-in
3142c00a: folds
c13a547e: calls 3,930
c6579067: shows [Td Ad]
c13a547e: shows [Qc As]
*** FLOP *** [Qd 5h 9s]
*** TURN *** [Qd 5h 9s] [Ks]
*** RIVER *** [Qd 5h 9s Ks] [6s]
*** SHOWDOWN ***
c13a547e collected 9,660 from pot
*** SUMMARY ***
Total pot 9,660 | Rake 0 | Jackpot 0 | Bingo 0 | Fortune 0 | Tax 0
Board [Qd 5h 9s Ks 6s]
Seat 1: c6579067 (small blind) showed [Td Ad] and lost with Ace high
Seat 3: 3142c00a (big blind) folded before Flop
Seat 4: 17729303 folded before Flop
Seat 5: c13a547e showed [Qc As] and won (9,660) with a pair of Queens
Seat 6: 4645f09c folded before Flop
Seat 7: Hero (button) folded before Flop


Poker Hand #TM93390396: Tournament #5678775, $8 Satellite to GGMasters $150, 1 Seat Hold'em No Limit - Level7(200/400) - 2026/02/01 00:46:36
Table '1' 8-max Seat #6 is the button
Seat 1: c6579067 (4,920 in chips)
Seat 2: bb206422 (4,450 in chips)
Seat 3: 3142c00a (4,280 in chips)
Seat 4: 17729303 (5,820 in chips)
Seat 6: 4645f09c (4,480 in chips)
Seat 7: Hero (33,740 in chips)
3142c00a: posts the ante 40
bb206422: posts the ante 40
4645f09c: posts the ante 40
Hero: posts the ante 40
17729303: posts the ante 40
c6579067: posts the ante 40
Hero: posts small blind 200
c6579067: posts big blind 400
*** HOLE CARDS ***
Dealt to c6579067 
Dealt to bb206422 
Dealt to 3142c00a 
Dealt to 17729303 
Dealt to 4645f09c 
Dealt to Hero [8d 5d]
bb206422: folds
3142c00a: calls 400
17729303: raises 5,380 to 5,780 and is all-in
4645f09c: folds
Hero: folds
c6579067: folds
3142c00a: calls 3,840 and is all-in
Uncalled bet (1,540) returned to 17729303
17729303: shows [Jd Ac]
3142c00a: shows [Qd Kd]
*** FLOP *** [Kh Ks 4h]
*** TURN *** [Kh Ks 4h] [Ad]
*** RIVER *** [Kh Ks 4h Ad] [7c]
*** SHOWDOWN ***
3142c00a collected 9,320 from pot
*** SUMMARY ***
Total pot 9,320 | Rake 0 | Jackpot 0 | Bingo 0 | Fortune 0 | Tax 0
Board [Kh Ks 4h Ad 7c]
Seat 1: c6579067 (big blind) folded before Flop
Seat 2: bb206422 folded before Flop
Seat 3: 3142c00a showed [Qd Kd] and won (9,320) with three of a kind, Kings
Seat 4: 17729303 showed [Jd Ac] and lost with two pair, Aces and Kings
Seat 6: 4645f09c (button) folded before Flop
Seat 7: Hero (small blind) folded before Flop


Poker Hand #TM93390391: Tournament #5678775, $8 Satellite to GGMasters $150, 1 Seat Hold'em No Limit - Level7(200/400) - 2026/02/01 00:46:14
Table '1' 8-max Seat #4 is the button
Seat 1: c6579067 (4,960 in chips)
Seat 2: bb206422 (4,490 in chips)
Seat 3: 3142c00a (4,320 in chips)
Seat 4: 17729303 (5,020 in chips)
Seat 6: 4645f09c (4,720 in chips)
Seat 7: Hero (34,180 in chips)
3142c00a: posts the ante 40
bb206422: posts the ante 40
4645f09c: posts the ante 40
Hero: posts the ante 40
17729303: posts the ante 40
c6579067: posts the ante 40
4645f09c: posts small blind 200
Hero: posts big blind 400
*** HOLE CARDS ***
Dealt to c6579067 
Dealt to bb206422 
Dealt to 3142c00a 
Dealt to 17729303 
Dealt to 4645f09c 
Dealt to Hero [9c Ks]
c6579067: folds
bb206422: folds
3142c00a: folds
17729303: raises 4,580 to 4,980 and is all-in
4645f09c: folds
Hero: folds
Uncalled bet (4,580) returned to 17729303
*** SHOWDOWN ***
17729303 collected 1,240 from pot
*** SUMMARY ***
Total pot 1,240 | Rake 0 | Jackpot 0 | Bingo 0 | Fortune 0 | Tax 0
Seat 1: c6579067 folded before Flop
Seat 2: bb206422 folded before Flop
Seat 3: 3142c00a folded before Flop
Seat 4: 17729303 (button) collected (1,240)
Seat 6: 4645f09c (small blind) folded before Flop
Seat 7: Hero (big blind) folded before Flop


Poker Hand #TM93390384: Tournament #5678775, $8 Satellite to GGMasters $150, 1 Seat Hold'em No Limit - Level7(200/400) - 2026/02/01 00:45:42
Table '1' 8-max Seat #3 is the button
Seat 1: c6579067 (5,000 in chips)
Seat 2: bb206422 (4,530 in chips)
Seat 3: 3142c00a (3,520 in chips)
Seat 4: 17729303 (5,260 in chips)
Seat 6: 4645f09c (5,160 in chips)
Seat 7: Hero (34,220 in chips)
3142c00a: posts the ante 40
bb206422: posts the ante 40
4645f09c: posts the ante 40
Hero: posts the ante 40
c6579067: posts the ante 40
17729303: posts the ante 40
17729303: posts small blind 200
4645f09c: posts big blind 400
*** HOLE CARDS ***
Dealt to c6579067 
Dealt to bb206422 
Dealt to 3142c00a 
Dealt to 17729303 
Dealt to 4645f09c 
Dealt to Hero [2d 3s]
Hero: folds
c6579067: folds
bb206422: folds
3142c00a: raises 3,080 to 3,480 and is all-in
17729303: folds
4645f09c: folds
Uncalled bet (3,080) returned to 3142c00a
*** SHOWDOWN ***
3142c00a collected 1,240 from pot
*** SUMMARY ***
Total pot 1,240 | Rake 0 | Jackpot 0 | Bingo 0 | Fortune 0 | Tax 0
Seat 1: c6579067 folded before Flop
Seat 2: bb206422 folded before Flop
Seat 3: 3142c00a (button) collected (1,240)
Seat 4: 17729303 (small blind) folded before Flop
Seat 6: 4645f09c (big blind) folded before Flop
Seat 7: Hero folded before Flop


Poker Hand #TM93390377: Tournament #5678775, $8 Satellite to GGMasters $150, 1 Seat Hold'em No Limit - Level7(200/400) - 2026/02/01 00:45:09
Table '1' 8-max Seat #2 is the button
Seat 2: bb206422 (4,570 in chips)
Seat 3: 3142c00a (3,760 in chips)
Seat 4: 17729303 (6,100 in chips)
Seat 6: 4645f09c (4,000 in chips)
Seat 7: Hero (34,260 in chips)
3142c00a: posts the ante 40
bb206422: posts the ante 40
4645f09c: posts the ante 40
Hero: posts the ante 40
17729303: posts the ante 40
3142c00a: posts small blind 200
17729303: posts big blind 400
*** HOLE CARDS ***
Dealt to bb206422 
Dealt to 3142c00a 
Dealt to 17729303 
Dealt to 4645f09c 
Dealt to Hero [8d 6h]
4645f09c: raises 400 to 800
Hero: folds
bb206422: folds
3142c00a: folds
17729303: calls 400
*** FLOP *** [Jc 7d 3h]
17729303: checks
4645f09c: bets 1,000
17729303: folds
Uncalled bet (1,000) returned to 4645f09c
*** SHOWDOWN ***
4645f09c collected 2,000 from pot
*** SUMMARY ***
Total pot 2,000 | Rake 0 | Jackpot 0 | Bingo 0 | Fortune 0 | Tax 0
Board [Jc 7d 3h]
Seat 2: bb206422 (button) folded before Flop
Seat 3: 3142c00a (small blind) folded before Flop
Seat 4: 17729303 (big blind) folded on the Flop
Seat 6: 4645f09c won (2,000)
Seat 7: Hero folded before Flop


Poker Hand #TM93390372: Tournament #5678775, $8 Satellite to GGMasters $150, 1 Seat Hold'em No Limit - Level7(200/400) - 2026/02/01 00:44:51
Table '1' 8-max Seat #7 is the button
Seat 2: bb206422 (4,810 in chips)
Seat 3: 3142c00a (4,200 in chips)
Seat 4: 17729303 (5,340 in chips)
Seat 6: 4645f09c (4,040 in chips)
Seat 7: Hero (34,300 in chips)
3142c00a: posts the ante 40
bb206422: posts the ante 40
4645f09c: posts the ante 40
Hero: posts the ante 40
17729303: posts the ante 40
bb206422: posts small blind 200
3142c00a: posts big blind 400
*** HOLE CARDS ***
Dealt to bb206422 
Dealt to 3142c00a 
Dealt to 17729303 
Dealt to 4645f09c 
Dealt to Hero [5c Kd]
17729303: raises 4,900 to 5,300 and is all-in
4645f09c: folds
Hero: folds
bb206422: folds
3142c00a: folds
Uncalled bet (4,900) returned to 17729303
*** SHOWDOWN ***
17729303 collected 1,200 from pot
*** SUMMARY ***
Total pot 1,200 | Rake 0 | Jackpot 0 | Bingo 0 | Fortune 0 | Tax 0
Seat 2: bb206422 (small blind) folded before Flop
Seat 3: 3142c00a (big blind) folded before Flop
Seat 4: 17729303 collected (1,200)
Seat 6: 4645f09c folded before Flop
Seat 7: Hero (button) folded before Flop


Poker Hand #TM93390356: Tournament #5678775, $8 Satellite to GGMasters $150, 1 Seat Hold'em No Limit - Level7(200/400) - 2026/02/01 00:43:59
Table '1' 8-max Seat #6 is the button
Seat 1: cb4a90ad (11,520 in chips)
Seat 2: bb206422 (4,850 in chips)
Seat 3: 3142c00a (4,240 in chips)
Seat 4: 17729303 (6,580 in chips)
Seat 6: 4645f09c (4,080 in chips)
Seat 7: Hero (21,420 in chips)
cb4a90ad: posts the ante 40
3142c00a: posts the ante 40
bb206422: posts the ante 40
4645f09c: posts the ante 40
Hero: posts the ante 40
17729303: posts the ante 40
Hero: posts small blind 200
cb4a90ad: posts big blind 400
*** HOLE CARDS ***
Dealt to cb4a90ad 
Dealt to bb206422 
Dealt to 3142c00a 
Dealt to 17729303 
Dealt to 4645f09c 
Dealt to Hero [9d Ts]
bb206422: folds
3142c00a: folds
17729303: calls 400
4645f09c: folds
Hero: calls 200
cb4a90ad: raises 800 to 1,200
17729303: calls 800
Hero: calls 800
*** FLOP *** [Jh Td 6s]
Hero: checks
cb4a90ad: bets 1,920
17729303: folds
Hero: calls 1,920
*** TURN *** [Jh Td 6s] [8h]
Hero: checks
cb4a90ad: bets 5,760
Hero: calls 5,760
*** RIVER *** [Jh Td 6s 8h] [Qh]
Hero: checks
cb4a90ad: bets 2,600 and is all-in
Hero: calls 2,600
cb4a90ad: shows [Qs Qd] (three of a kind, Queens)
Hero: shows [9d Ts] (a straight, Queen to Eight)
bb206422: shows [Tc Jd] (two pair, Jacks and Tens)
*** SHOWDOWN ***
Hero collected 24,400 from pot
*** SUMMARY ***
Total pot 24,400 | Rake 0 | Jackpot 0 | Bingo 0 | Fortune 0 | Tax 0
Board [Jh Td 6s 8h Qh]
Seat 1: cb4a90ad (big blind) showed [Qs Qd] and lost with three of a kind, Queens
Seat 2: bb206422 folded before Flop
Seat 3: 3142c00a folded before Flop
Seat 4: 17729303 folded on the Flop
Seat 6: 4645f09c (button) folded before Flop
Seat 7: Hero (small blind) showed [9d Ts] and won (24,400) with a straight, Queen to Eight


Poker Hand #TM93390350: Tournament #5678775, $8 Satellite to GGMasters $150, 1 Seat Hold'em No Limit - Level7(200/400) - 2026/02/01 00:43:26
Table '1' 8-max Seat #4 is the button
Seat 1: cb4a90ad (11,560 in chips)
Seat 2: bb206422 (4,890 in chips)
Seat 3: 3142c00a (4,280 in chips)
Seat 4: 17729303 (6,620 in chips)
Seat 6: 4645f09c (4,520 in chips)
Seat 7: Hero (20,820 in chips)
cb4a90ad: posts the ante 40
3142c00a: posts the ante 40
bb206422: posts the ante 40
4645f09c: posts the ante 40
Hero: posts the ante 40
17729303: posts the ante 40
4645f09c: posts small blind 200
Hero: posts big blind 400
*** HOLE CARDS ***
Dealt to cb4a90ad 
Dealt to bb206422 
Dealt to 3142c00a 
Dealt to 17729303 
Dealt to 4645f09c 
Dealt to Hero [Js 9c]
cb4a90ad: folds
bb206422: folds
3142c00a: folds
17729303: folds
4645f09c: calls 200
Hero: checks
*** FLOP *** [9h Kd Kc]
4645f09c: checks
Hero: bets 400
4645f09c: folds
Uncalled bet (400) returned to Hero
*** SHOWDOWN ***
Hero collected 1,040 from pot
*** SUMMARY ***
Total pot 1,040 | Rake 0 | Jackpot 0 | Bingo 0 | Fortune 0 | Tax 0
Board [9h Kd Kc]
Seat 1: cb4a90ad folded before Flop
Seat 2: bb206422 folded before Flop
Seat 3: 3142c00a folded before Flop
Seat 4: 17729303 (button) folded before Flop
Seat 6: 4645f09c (small blind) folded on the Flop
Seat 7: Hero (big blind) won (1,040)


Poker Hand #TM93390341: Tournament #5678775, $8 Satellite to GGMasters $150, 1 Seat Hold'em No Limit - Level7(200/400) - 2026/02/01 00:42:31
Table '1' 8-max Seat #3 is the button
Seat 1: cb4a90ad (11,280 in chips)
Seat 2: bb206422 (4,930 in chips)
Seat 3: 3142c00a (4,320 in chips)
Seat 4: 17729303 (6,340 in chips)
Seat 6: 4645f09c (4,960 in chips)
Seat 7: Hero (20,860 in chips)
cb4a90ad: posts the ante 40
3142c00a: posts the ante 40
bb206422: posts the ante 40
4645f09c: posts the ante 40
Hero: posts the ante 40
17729303: posts the ante 40
17729303: posts small blind 200
4645f09c: posts big blind 400
*** HOLE CARDS ***
Dealt to cb4a90ad 
Dealt to bb206422 
Dealt to 3142c00a 
Dealt to 17729303 
Dealt to 4645f09c 
Dealt to Hero [4h Ac]
Hero: folds
cb4a90ad: calls 400
bb206422: folds
3142c00a: folds
17729303: calls 200
4645f09c: checks
*** FLOP *** [6d Jd 3s]
17729303: checks
4645f09c: checks
cb4a90ad: checks
*** TURN *** [6d Jd 3s] [9c]
17729303: bets 476
4645f09c: folds
cb4a90ad: calls 476
*** RIVER *** [6d Jd 3s 9c] [3h]
17729303: checks
cb4a90ad: checks
17729303: shows [9d Ts] (two pair, Nines and Threes)
cb4a90ad: shows [8s 9h] (two pair, Nines and Threes)
*** SHOWDOWN ***
cb4a90ad collected 1,196 from pot
17729303 collected 1,196 from pot
*** SUMMARY ***
Total pot 2,392 | Rake 0 | Jackpot 0 | Bingo 0 | Fortune 0 | Tax 0
Board [6d Jd 3s 9c 3h]
Seat 1: cb4a90ad showed [8s 9h] and won (1,196) with two pair, Nines and Threes
Seat 2: bb206422 folded before Flop
Seat 3: 3142c00a (button) folded before Flop
Seat 4: 17729303 (small blind) showed [9d Ts] and won (1,196) with two pair, Nines and Threes
Seat 6: 4645f09c (big blind) folded on the Turn
Seat 7: Hero folded before Flop


Poker Hand #TM93390338: Tournament #5678775, $8 Satellite to GGMasters $150, 1 Seat Hold'em No Limit - Level7(200/400) - 2026/02/01 00:42:11
Table '1' 8-max Seat #2 is the button
Seat 1: cb4a90ad (11,320 in chips)
Seat 2: bb206422 (4,130 in chips)
Seat 3: 3142c00a (4,560 in chips)
Seat 4: 17729303 (6,780 in chips)
Seat 6: 4645f09c (5,000 in chips)
Seat 7: Hero (20,900 in chips)
cb4a90ad: posts the ante 40
3142c00a: posts the ante 40
bb206422: posts the ante 40
4645f09c: posts the ante 40
Hero: posts the ante 40
17729303: posts the ante 40
3142c00a: posts small blind 200
17729303: posts big blind 400
*** HOLE CARDS ***
Dealt to cb4a90ad 
Dealt to bb206422 
Dealt to 3142c00a 
Dealt to 17729303 
Dealt to 4645f09c 
Dealt to Hero [6c Jh]
4645f09c: folds
Hero: folds
cb4a90ad: folds
bb206422: raises 3,690 to 4,090 and is all-in
3142c00a: folds
17729303: folds
Uncalled bet (3,690) returned to bb206422
*** SHOWDOWN ***
bb206422 collected 1,240 from pot
*** SUMMARY ***
Total pot 1,240 | Rake 0 | Jackpot 0 | Bingo 0 | Fortune 0 | Tax 0
Seat 1: cb4a90ad folded before Flop
Seat 2: bb206422 (button) collected (1,240)
Seat 3: 3142c00a (small blind) folded before Flop
Seat 4: 17729303 (big blind) folded before Flop
Seat 6: 4645f09c folded before Flop
Seat 7: Hero folded before Flop


Poker Hand #TM93390330: Tournament #5678775, $8 Satellite to GGMasters $150, 1 Seat Hold'em No Limit - Level7(200/400) - 2026/02/01 00:41:34
Table '1' 8-max Seat #1 is the button
Seat 1: cb4a90ad (8,120 in chips)
Seat 2: bb206422 (4,370 in chips)
Seat 3: 3142c00a (5,000 in chips)
Seat 4: 17729303 (8,020 in chips)
Seat 5: 61d845e (10,116 in chips)
Seat 7: Hero (22,140 in chips)
cb4a90ad: posts the ante 40
3142c00a: posts the ante 40
61d845e: posts the ante 40
bb206422: posts the ante 40
Hero: posts the ante 40
17729303: posts the ante 40
bb206422: posts small blind 200
3142c00a: posts big blind 400
*** HOLE CARDS ***
Dealt to cb4a90ad 
Dealt to bb206422 
Dealt to 3142c00a 
Dealt to 17729303 
Dealt to 61d845e 
Dealt to Hero [4h 4d]
17729303: calls 400
61d845e: folds
Hero: raises 800 to 1,200
cb4a90ad: calls 1,200
bb206422: folds
3142c00a: folds
17729303: calls 800
*** FLOP *** [Kc 5c 9h]
17729303: checks
Hero: checks
cb4a90ad: bets 1,466
17729303: folds
Hero: folds
Uncalled bet (1,466) returned to cb4a90ad
*** SHOWDOWN ***
cb4a90ad collected 4,440 from pot
*** SUMMARY ***
Total pot 4,440 | Rake 0 | Jackpot 0 | Bingo 0 | Fortune 0 | Tax 0
Board [Kc 5c 9h]
Seat 1: cb4a90ad (button) won (4,440)
Seat 2: bb206422 (small blind) folded before Flop
Seat 3: 3142c00a (big blind) folded before Flop
Seat 4: 17729303 folded on the Flop
Seat 5: 61d845e folded before Flop
Seat 7: Hero folded on the Flop


Poker Hand #TM93390326: Tournament #5678775, $8 Satellite to GGMasters $150, 1 Seat Hold'em No Limit - Level7(200/400) - 2026/02/01 00:41:18
Table '1' 8-max Seat #7 is the button
Seat 1: cb4a90ad (8,360 in chips)
Seat 2: bb206422 (4,810 in chips)
Seat 4: 17729303 (8,060 in chips)
Seat 5: 61d845e (10,156 in chips)
Seat 7: Hero (21,380 in chips)
cb4a90ad: posts the ante 40
61d845e: posts the ante 40
bb206422: posts the ante 40
Hero: posts the ante 40
17729303: posts the ante 40
cb4a90ad: posts small blind 200
bb206422: posts big blind 400
*** HOLE CARDS ***
Dealt to cb4a90ad 
Dealt to bb206422 
Dealt to 17729303 
Dealt to 61d845e 
Dealt to Hero [6h Qh]
17729303: folds
61d845e: folds
Hero: raises 400 to 800
cb4a90ad: folds
bb206422: folds
Uncalled bet (400) returned to Hero
*** SHOWDOWN ***
Hero collected 1,200 from pot
*** SUMMARY ***
Total pot 1,200 | Rake 0 | Jackpot 0 | Bingo 0 | Fortune 0 | Tax 0
Seat 1: cb4a90ad (small blind) folded before Flop
Seat 2: bb206422 (big blind) folded before Flop
Seat 4: 17729303 folded before Flop
Seat 5: 61d845e folded before Flop
Seat 7: Hero (button) collected (1,200)


Poker Hand #TM93390322: Tournament #5678775, $8 Satellite to GGMasters $150, 1 Seat Hold'em No Limit - Level7(200/400) - 2026/02/01 00:40:52
Table '1' 8-max Seat #5 is the button
Seat 1: cb4a90ad (8,000 in chips)
Seat 2: bb206422 (4,850 in chips)
Seat 4: 17729303 (8,100 in chips)
Seat 5: 61d845e (10,196 in chips)
Seat 7: Hero (21,620 in chips)
cb4a90ad: posts the ante 40
61d845e: posts the ante 40
bb206422: posts the ante 40
Hero: posts the ante 40
17729303: posts the ante 40
Hero: posts small blind 200
cb4a90ad: posts big blind 400
*** HOLE CARDS ***
Dealt to cb4a90ad 
Dealt to bb206422 
Dealt to 17729303 
Dealt to 61d845e 
Dealt to Hero [4c 6c]
bb206422: folds
17729303: folds
61d845e: folds
Hero: folds
Uncalled bet (200) returned to cb4a90ad
*** SHOWDOWN ***
cb4a90ad collected 600 from pot
*** SUMMARY ***
Total pot 600 | Rake 0 | Jackpot 0 | Bingo 0 | Fortune 0 | Tax 0
Seat 1: cb4a90ad (big blind) collected (600)
Seat 2: bb206422 folded before Flop
Seat 4: 17729303 folded before Flop
Seat 5: 61d845e (button) folded before Flop
Seat 7: Hero (small blind) folded before Flop


Poker Hand #TM93390315: Tournament #5678775, $8 Satellite to GGMasters $150, 1 Seat Hold'em No Limit - Level7(200/400) - 2026/02/01 00:40:08
Table '1' 8-max Seat #4 is the button
Seat 1: cb4a90ad (8,040 in chips)
Seat 2: bb206422 (4,890 in chips)
Seat 4: 17729303 (3,890 in chips)
Seat 5: 61d845e (10,436 in chips)
Seat 7: Hero (25,510 in chips)
cb4a90ad: posts the ante 40
61d845e: posts the ante 40
bb206422: posts the ante 40
Hero: posts the ante 40
17729303: posts the ante 40
61d845e: posts small blind 200
Hero: posts big blind 400
*** HOLE CARDS ***
Dealt to cb4a90ad 
Dealt to bb206422 
Dealt to 17729303 
Dealt to 61d845e 
Dealt to Hero [Qc Ts]
cb4a90ad: folds
bb206422: folds
17729303: raises 3,450 to 3,850 and is all-in
61d845e: folds
Hero: calls 3,450
17729303: shows [5h As]
Hero: shows [Qc Ts]
*** FLOP *** [Ad 2s 6s]
*** TURN *** [Ad 2s 6s] [3c]
*** RIVER *** [Ad 2s 6s 3c] [4h]
*** SHOWDOWN ***
17729303 collected 8,100 from pot
*** SUMMARY ***
Total pot 8,100 | Rake 0 | Jackpot 0 | Bingo 0 | Fortune 0 | Tax 0
Board [Ad 2s 6s 3c 4h]
Seat 1: cb4a90ad folded before Flop
Seat 2: bb206422 folded before Flop
Seat 4: 17729303 (button) showed [5h As] and won (8,100) with a straight, Six to Two
Seat 5: 61d845e (small blind) folded before Flop
Seat 7: Hero (big blind) showed [Qc Ts] and lost with Ace high


Poker Hand #TM93390309: Tournament #5678775, $8 Satellite to GGMasters $150, 1 Seat Hold'em No Limit - Level7(200/400) - 2026/02/01 00:39:44
Table '1' 8-max Seat #2 is the button
Seat 1: cb4a90ad (8,080 in chips)
Seat 2: bb206422 (4,130 in chips)
Seat 4: 17729303 (4,130 in chips)
Seat 5: 61d845e (10,876 in chips)
Seat 7: Hero (25,550 in chips)
cb4a90ad: posts the ante 40
61d845e: posts the ante 40
bb206422: posts the ante 40
Hero: posts the ante 40
17729303: posts the ante 40
17729303: posts small blind 200
61d845e: posts big blind 400
*** HOLE CARDS ***
Dealt to cb4a90ad 
Dealt to bb206422 
Dealt to 17729303 
Dealt to 61d845e 
Dealt to Hero [5c 6h]
Hero: folds
cb4a90ad: folds
bb206422: raises 3,690 to 4,090 and is all-in
17729303: folds
61d845e: folds
Uncalled bet (3,690) returned to bb206422
*** SHOWDOWN ***
bb206422 collected 1,200 from pot
*** SUMMARY ***
Total pot 1,200 | Rake 0 | Jackpot 0 | Bingo 0 | Fortune 0 | Tax 0
Seat 1: cb4a90ad folded before Flop
Seat 2: bb206422 (button) collected (1,200)
Seat 4: 17729303 (small blind) folded before Flop
Seat 5: 61d845e (big blind) folded before Flop
Seat 7: Hero folded before Flop


Poker Hand #TM93390305: Tournament #5678775, $8 Satellite to GGMasters $150, 1 Seat Hold'em No Limit - Level7(200/400) - 2026/02/01 00:39:12
Table '1' 8-max Seat #1 is the button
Seat 1: cb4a90ad (8,120 in chips)
Seat 2: bb206422 (4,370 in chips)
Seat 4: 17729303 (4,970 in chips)
Seat 5: 61d845e (10,916 in chips)
Seat 7: Hero (24,390 in chips)
cb4a90ad: posts the ante 40
61d845e: posts the ante 40
bb206422: posts the ante 40
Hero: posts the ante 40
17729303: posts the ante 40
bb206422: posts small blind 200
17729303: posts big blind 400
*** HOLE CARDS ***
Dealt to cb4a90ad 
Dealt to bb206422 
Dealt to 17729303 
Dealt to 61d845e 
Dealt to Hero [Ah 7s]
61d845e: folds
Hero: raises 400 to 800
cb4a90ad: folds
bb206422: folds
17729303: calls 400
*** FLOP *** [8c 5s Kd]
17729303: checks
Hero: checks
*** TURN *** [8c 5s Kd] [8d]
17729303: checks
Hero: checks
*** RIVER *** [8c 5s Kd 8d] [4h]
17729303: checks
Hero: checks
17729303: shows [9h Th] (a pair of Eights)
Hero: shows [Ah 7s] (a pair of Eights)
*** SHOWDOWN ***
Hero collected 2,000 from pot
*** SUMMARY ***
Total pot 2,000 | Rake 0 | Jackpot 0 | Bingo 0 | Fortune 0 | Tax 0
Board [8c 5s Kd 8d 4h]
Seat 1: cb4a90ad (button) folded before Flop
Seat 2: bb206422 (small blind) folded before Flop
Seat 4: 17729303 (big blind) showed [9h Th] and lost with a pair of Eights
Seat 5: 61d845e folded before Flop
Seat 7: Hero showed [Ah 7s] and won (2,000) with a pair of Eights


Poker Hand #TM93390298: Tournament #5678775, $8 Satellite to GGMasters $150, 1 Seat Hold'em No Limit - Level6(150/300) - 2026/02/01 00:38:35
Table '1' 8-max Seat #7 is the button
Seat 1: cb4a90ad (8,300 in chips)
Seat 2: bb206422 (4,700 in chips)
Seat 4: 17729303 (5,000 in chips)
Seat 5: 61d845e (10,946 in chips)
Seat 7: Hero (23,820 in chips)
cb4a90ad: posts the ante 30
61d845e: posts the ante 30
bb206422: posts the ante 30
Hero: posts the ante 30
17729303: posts the ante 30
cb4a90ad: posts small blind 150
bb206422: posts big blind 300
*** HOLE CARDS ***
Dealt to cb4a90ad 
Dealt to bb206422 
Dealt to 17729303 
Dealt to 61d845e 
Dealt to Hero [9s 8h]
17729303: folds
61d845e: folds
Hero: raises 300 to 600
cb4a90ad: folds
bb206422: folds
Uncalled bet (300) returned to Hero
*** SHOWDOWN ***
Hero collected 900 from pot
*** SUMMARY ***
Total pot 900 | Rake 0 | Jackpot 0 | Bingo 0 | Fortune 0 | Tax 0
Seat 1: cb4a90ad (small blind) folded before Flop
Seat 2: bb206422 (big blind) folded before Flop
Seat 4: 17729303 folded before Flop
Seat 5: 61d845e folded before Flop
Seat 7: Hero (button) collected (900)


Poker Hand #TM93390290: Tournament #5678775, $8 Satellite to GGMasters $150, 1 Seat Hold'em No Limit - Level6(150/300) - 2026/02/01 00:37:35
Table '1' 8-max Seat #5 is the button
Seat 1: cb4a90ad (8,930 in chips)
Seat 2: bb206422 (4,730 in chips)
Seat 3: bd8fca0c (3,475 in chips)
Seat 5: 61d845e (12,176 in chips)
Seat 7: Hero (21,900 in chips)
cb4a90ad: posts the ante 30
61d845e: posts the ante 30
bb206422: posts the ante 30
bd8fca0c: posts the ante 30
Hero: posts the ante 30
Hero: posts small blind 150
cb4a90ad: posts big blind 300
*** HOLE CARDS ***
Dealt to cb4a90ad 
Dealt to bb206422 
Dealt to bd8fca0c 
Dealt to 61d845e 
Dealt to Hero [Qc Js]
bb206422: folds
bd8fca0c: folds
61d845e: raises 300 to 600
Hero: calls 450
cb4a90ad: calls 300
*** FLOP *** [9s 5c 8h]
Hero: checks
cb4a90ad: checks
61d845e: checks
*** TURN *** [9s 5c 8h] [4d]
Hero: bets 600
cb4a90ad: folds
61d845e: calls 600
*** RIVER *** [9s 5c 8h 4d] [Qd]
Hero: bets 1,851
61d845e: folds
Uncalled bet (1,851) returned to Hero
*** SHOWDOWN ***
Hero collected 3,150 from pot
*** SUMMARY ***
Total pot 3,150 | Rake 0 | Jackpot 0 | Bingo 0 | Fortune 0 | Tax 0
Board [9s 5c 8h 4d Qd]
Seat 1: cb4a90ad (big blind) folded on the Turn
Seat 2: bb206422 folded before Flop
Seat 3: bd8fca0c folded before Flop
Seat 5: 61d845e (button) folded on the River
Seat 7: Hero (small blind) won (3,150)


Poker Hand #TM93390287: Tournament #5678775, $8 Satellite to GGMasters $150, 1 Seat Hold'em No Limit - Level6(150/300) - 2026/02/01 00:37:10
Table '1' 8-max Seat #3 is the button
Seat 1: cb4a90ad (8,960 in chips)
Seat 3: bd8fca0c (3,505 in chips)
Seat 5: 61d845e (12,356 in chips)
Seat 7: Hero (21,660 in chips)
cb4a90ad: posts the ante 30
61d845e: posts the ante 30
bd8fca0c: posts the ante 30
Hero: posts the ante 30
61d845e: posts small blind 150
Hero: posts big blind 300
*** HOLE CARDS ***
Dealt to cb4a90ad 
Dealt to bd8fca0c 
Dealt to 61d845e 
Dealt to Hero [6s Jh]
cb4a90ad: folds
bd8fca0c: folds
61d845e: folds
Uncalled bet (150) returned to Hero
*** SHOWDOWN ***
Hero collected 420 from pot
*** SUMMARY ***
Total pot 420 | Rake 0 | Jackpot 0 | Bingo 0 | Fortune 0 | Tax 0
Seat 1: cb4a90ad folded before Flop
Seat 3: bd8fca0c (button) folded before Flop
Seat 5: 61d845e (small blind) folded before Flop
Seat 7: Hero (big blind) collected (420)


Poker Hand #TM93390277: Tournament #5678775, $8 Satellite to GGMasters $150, 1 Seat Hold'em No Limit - Level6(150/300) - 2026/02/01 00:35:58
Table '1' 8-max Seat #1 is the button
Seat 1: cb4a90ad (8,990 in chips)
Seat 2: 3b3204d9 (4,640 in chips)
Seat 3: bd8fca0c (3,835 in chips)
Seat 4: fcf26cd4 (4,670 in chips)
Seat 5: 61d845e (12,386 in chips)
Seat 7: Hero (11,960 in chips)
3b3204d9: posts the ante 30
cb4a90ad: posts the ante 30
61d845e: posts the ante 30
fcf26cd4: posts the ante 30
bd8fca0c: posts the ante 30
Hero: posts the ante 30
3b3204d9: posts small blind 150
bd8fca0c: posts big blind 300
*** HOLE CARDS ***
Dealt to cb4a90ad 
Dealt to 3b3204d9 
Dealt to bd8fca0c 
Dealt to fcf26cd4 
Dealt to 61d845e 
Dealt to Hero [Qs Ks]
fcf26cd4: raises 300 to 600
61d845e: folds
Hero: raises 1,200 to 1,800
cb4a90ad: folds
3b3204d9: raises 2,810 to 4,610 and is all-in
bd8fca0c: folds
fcf26cd4: raises 30 to 4,640 and is all-in
Hero: calls 2,840
fcf26cd4: shows [8c 8d]
Hero: shows [Qs Ks]
3b3204d9: shows [6s 6d]
*** FLOP *** [Ac Qd 2d]
*** TURN *** [Ac Qd 2d] [Qh]
*** RIVER *** [Ac Qd 2d Qh] [As]
*** SHOWDOWN ***
Hero collected 14,310 from pot
Hero collected 60 from pot
*** SUMMARY ***
Total pot 14,370 | Rake 0 | Jackpot 0 | Bingo 0 | Fortune 0 | Tax 0
Board [Ac Qd 2d Qh As]
Seat 1: cb4a90ad (button) folded before Flop
Seat 2: 3b3204d9 (small blind) showed [6s 6d] and lost with two pair, Aces and Queens
Seat 3: bd8fca0c (big blind) folded before Flop
Seat 4: fcf26cd4 showed [8c 8d] and lost with two pair, Aces and Queens
Seat 5: 61d845e folded before Flop
Seat 7: Hero showed [Qs Ks] and won (14,370) with a full house, Queens full of Aces


Poker Hand #TM93390269: Tournament #5678775, $8 Satellite to GGMasters $150, 1 Seat Hold'em No Limit - Level6(150/300) - 2026/02/01 00:35:09
Table '1' 8-max Seat #7 is the button
Seat 1: cb4a90ad (7,340 in chips)
Seat 2: 3b3204d9 (4,970 in chips)
Seat 3: bd8fca0c (4,465 in chips)
Seat 4: fcf26cd4 (4,700 in chips)
Seat 5: 61d845e (12,416 in chips)
Seat 7: Hero (12,590 in chips)
3b3204d9: posts the ante 30
cb4a90ad: posts the ante 30
61d845e: posts the ante 30
fcf26cd4: posts the ante 30
bd8fca0c: posts the ante 30
Hero: posts the ante 30
cb4a90ad: posts small blind 150
3b3204d9: posts big blind 300
*** HOLE CARDS ***
Dealt to cb4a90ad 
Dealt to 3b3204d9 
Dealt to bd8fca0c 
Dealt to fcf26cd4 
Dealt to 61d845e 
Dealt to Hero [4h 4s]
bd8fca0c: raises 300 to 600
fcf26cd4: folds
61d845e: folds
Hero: calls 600
cb4a90ad: raises 3,600 to 4,200
3b3204d9: folds
bd8fca0c: folds
Hero: folds
Uncalled bet (3,600) returned to cb4a90ad
*** SHOWDOWN ***
cb4a90ad collected 2,280 from pot
*** SUMMARY ***
Total pot 2,280 | Rake 0 | Jackpot 0 | Bingo 0 | Fortune 0 | Tax 0
Seat 1: cb4a90ad (small blind) collected (2,280)
Seat 2: 3b3204d9 (big blind) folded before Flop
Seat 3: bd8fca0c folded before Flop
Seat 4: fcf26cd4 folded before Flop
Seat 5: 61d845e folded before Flop
Seat 7: Hero (button) folded before Flop


Poker Hand #TM93390262: Tournament #5678775, $8 Satellite to GGMasters $150, 1 Seat Hold'em No Limit - Level6(150/300) - 2026/02/01 00:34:29
Table '1' 8-max Seat #5 is the button
Seat 1: cb4a90ad (6,140 in chips)
Seat 2: 3b3204d9 (5,000 in chips)
Seat 3: bd8fca0c (4,495 in chips)
Seat 4: fcf26cd4 (4,730 in chips)
Seat 5: 61d845e (12,446 in chips)
Seat 7: Hero (13,670 in chips)
3b3204d9: posts the ante 30
cb4a90ad: posts the ante 30
61d845e: posts the ante 30
fcf26cd4: posts the ante 30
bd8fca0c: posts the ante 30
Hero: posts the ante 30
Hero: posts small blind 150
cb4a90ad: posts big blind 300
*** HOLE CARDS ***
Dealt to cb4a90ad 
Dealt to 3b3204d9 
Dealt to bd8fca0c 
Dealt to fcf26cd4 
Dealt to 61d845e 
Dealt to Hero [Qd 2d]
3b3204d9: folds
bd8fca0c: folds
fcf26cd4: folds
61d845e: folds
Hero: raises 300 to 600
cb4a90ad: calls 300
*** FLOP *** [As Kc 3d]
Hero: bets 450
cb4a90ad: calls 450
*** TURN *** [As Kc 3d] [3h]
Hero: checks
cb4a90ad: checks
*** RIVER *** [As Kc 3d 3h] [Ts]
Hero: checks
cb4a90ad: bets 1,140
Hero: folds
Uncalled bet (1,140) returned to cb4a90ad
*** SHOWDOWN ***
cb4a90ad collected 2,280 from pot
*** SUMMARY ***
Total pot 2,280 | Rake 0 | Jackpot 0 | Bingo 0 | Fortune 0 | Tax 0
Board [As Kc 3d 3h Ts]
Seat 1: cb4a90ad (big blind) showed [3s Kh] and won (2,280)
Seat 2: 3b3204d9 folded before Flop
Seat 3: bd8fca0c folded before Flop
Seat 4: fcf26cd4 folded before Flop
Seat 5: 61d845e (button) folded before Flop
Seat 7: Hero (small blind) folded on the River


Poker Hand #TM93390260: Tournament #5678775, $8 Satellite to GGMasters $150, 1 Seat Hold'em No Limit - Level6(150/300) - 2026/02/01 00:34:14
Table '1' 8-max Seat #4 is the button
Seat 1: cb4a90ad (6,170 in chips)
Seat 3: bd8fca0c (4,525 in chips)
Seat 4: fcf26cd4 (4,760 in chips)
Seat 5: 61d845e (12,626 in chips)
Seat 7: Hero (13,400 in chips)
cb4a90ad: posts the ante 30
61d845e: posts the ante 30
fcf26cd4: posts the ante 30
bd8fca0c: posts the ante 30
Hero: posts the ante 30
61d845e: posts small blind 150
Hero: posts big blind 300
*** HOLE CARDS ***
Dealt to cb4a90ad 
Dealt to bd8fca0c 
Dealt to fcf26cd4 
Dealt to 61d845e 
Dealt to Hero [7d 3c]
cb4a90ad: folds
bd8fca0c: folds
fcf26cd4: folds
61d845e: folds
Uncalled bet (150) returned to Hero
*** SHOWDOWN ***
Hero collected 450 from pot
*** SUMMARY ***
Total pot 450 | Rake 0 | Jackpot 0 | Bingo 0 | Fortune 0 | Tax 0
Seat 1: cb4a90ad folded before Flop
Seat 3: bd8fca0c folded before Flop
Seat 4: fcf26cd4 (button) folded before Flop
Seat 5: 61d845e (small blind) folded before Flop
Seat 7: Hero (big blind) collected (450)


Poker Hand #TM93390255: Tournament #5678775, $8 Satellite to GGMasters $150, 1 Seat Hold'em No Limit - Level6(150/300) - 2026/02/01 00:33:43
Table '1' 8-max Seat #3 is the button
Seat 1: cb4a90ad (5,000 in chips)
Seat 3: bd8fca0c (4,555 in chips)
Seat 4: fcf26cd4 (4,940 in chips)
Seat 5: 61d845e (12,956 in chips)
Seat 7: Hero (14,030 in chips)
cb4a90ad: posts the ante 30
61d845e: posts the ante 30
bd8fca0c: posts the ante 30
fcf26cd4: posts the ante 30
Hero: posts the ante 30
fcf26cd4: posts small blind 150
61d845e: posts big blind 300
*** HOLE CARDS ***
Dealt to cb4a90ad 
Dealt to bd8fca0c 
Dealt to fcf26cd4 
Dealt to 61d845e 
Dealt to Hero [6c Ad]
Hero: raises 300 to 600
cb4a90ad: raises 900 to 1,500
bd8fca0c: folds
fcf26cd4: folds
61d845e: folds
Hero: folds
Uncalled bet (900) returned to cb4a90ad
*** SHOWDOWN ***
cb4a90ad collected 1,800 from pot
*** SUMMARY ***
Total pot 1,800 | Rake 0 | Jackpot 0 | Bingo 0 | Fortune 0 | Tax 0
Seat 1: cb4a90ad collected (1,800)
Seat 3: bd8fca0c (button) folded before Flop
Seat 4: fcf26cd4 (small blind) folded before Flop
Seat 5: 61d845e (big blind) folded before Flop
Seat 7: Hero folded before Flop


Poker Hand #TM93390247: Tournament #5678775, $8 Satellite to GGMasters $150, 1 Seat Hold'em No Limit - Level6(150/300) - 2026/02/01 00:32:58
Table '1' 8-max Seat #7 is the button
Seat 2: f2ce5ccb (3,545 in chips)
Seat 3: bd8fca0c (4,885 in chips)
Seat 4: fcf26cd4 (4,970 in chips)
Seat 5: 61d845e (12,986 in chips)
Seat 7: Hero (10,095 in chips)
61d845e: posts the ante 30
fcf26cd4: posts the ante 30
bd8fca0c: posts the ante 30
f2ce5ccb: posts the ante 30
Hero: posts the ante 30
f2ce5ccb: posts small blind 150
bd8fca0c: posts big blind 300
*** HOLE CARDS ***
Dealt to f2ce5ccb 
Dealt to bd8fca0c 
Dealt to fcf26cd4 
Dealt to 61d845e 
Dealt to Hero [Qc Qs]
fcf26cd4: folds
61d845e: folds
Hero: raises 300 to 600
f2ce5ccb: raises 2,915 to 3,515 and is all-in
bd8fca0c: folds
Hero: calls 2,915
f2ce5ccb: shows [As 3h]
Hero: shows [Qc Qs]
*** FLOP *** [6c 9d Jc]
*** TURN *** [6c 9d Jc] [8s]
*** RIVER *** [6c 9d Jc 8s] [9h]
*** SHOWDOWN ***
Hero collected 7,480 from pot
*** SUMMARY ***
Total pot 7,480 | Rake 0 | Jackpot 0 | Bingo 0 | Fortune 0 | Tax 0
Board [6c 9d Jc 8s 9h]
Seat 2: f2ce5ccb (small blind) showed [As 3h] and lost with a pair of Nines
Seat 3: bd8fca0c (big blind) folded before Flop
Seat 4: fcf26cd4 folded before Flop
Seat 5: 61d845e folded before Flop
Seat 7: Hero (button) showed [Qc Qs] and won (7,480) with two pair, Queens and Nines


Poker Hand #TM93390233: Tournament #5678775, $8 Satellite to GGMasters $150, 1 Seat Hold'em No Limit - Level6(150/300) - 2026/02/01 00:31:39
Table '1' 8-max Seat #5 is the button
Seat 1: 6d2629f2 (10,690 in chips)
Seat 2: f2ce5ccb (3,575 in chips)
Seat 3: bd8fca0c (4,915 in chips)
Seat 4: fcf26cd4 (5,000 in chips)
Seat 5: 61d845e (15,146 in chips)
Seat 6: b092cac6 (249 in chips)
Seat 7: Hero (10,425 in chips)
b092cac6: posts the ante 30
61d845e: posts the ante 30
fcf26cd4: posts the ante 30
bd8fca0c: posts the ante 30
f2ce5ccb: posts the ante 30
6d2629f2: posts the ante 30
Hero: posts the ante 30
b092cac6: posts small blind 150
Hero: posts big blind 300
*** HOLE CARDS ***
Dealt to 6d2629f2 
Dealt to f2ce5ccb 
Dealt to bd8fca0c 
Dealt to fcf26cd4 
Dealt to 61d845e 
Dealt to b092cac6 
Dealt to Hero [4d Th]
6d2629f2: raises 600 to 900
f2ce5ccb: folds
bd8fca0c: folds
fcf26cd4: folds
61d845e: raises 1,230 to 2,130
b092cac6: calls 69 and is all-in
Hero: folds
6d2629f2: calls 1,230
*** FLOP *** [7d Ts 8h]
6d2629f2: checks
61d845e: checks
*** TURN *** [7d Ts 8h] [6d]
6d2629f2: bets 8,530 and is all-in
61d845e: folds
Uncalled bet (8,530) returned to 6d2629f2
6d2629f2: shows [Jh Jd] (a pair of Jacks)
b092cac6: shows [6s Ad] (a pair of Sixes)
*** RIVER *** [7d Ts 8h 6d] [8d]
*** SHOWDOWN ***
6d2629f2 collected 1,086 from pot
6d2629f2 collected 3,903 from pot
*** SUMMARY ***
Total pot 4,989 | Rake 0 | Jackpot 0 | Bingo 0 | Fortune 0 | Tax 0
Board [7d Ts 8h 6d 8d]
Seat 1: 6d2629f2 showed [Jh Jd] and won (4,989) with two pair, Jacks and Eights
Seat 2: f2ce5ccb folded before Flop
Seat 3: bd8fca0c folded before Flop
Seat 4: fcf26cd4 folded before Flop
Seat 5: 61d845e (button) folded on the Turn
Seat 6: b092cac6 (small blind) showed [6s Ad] and lost with two pair, Eights and Sixes
Seat 7: Hero (big blind) folded before Flop


Poker Hand #TM93390222: Tournament #5678775, $8 Satellite to GGMasters $150, 1 Seat Hold'em No Limit - Level5(125/250) - 2026/02/01 00:30:44
Table '1' 8-max Seat #3 is the button
Seat 1: 6d2629f2 (10,715 in chips)
Seat 2: f2ce5ccb (7,615 in chips)
Seat 3: bd8fca0c (4,940 in chips)
Seat 4: 8fb9a88e (2,951 in chips)
Seat 5: 61d845e (4,040 in chips)
Seat 6: b092cac6 (4,289 in chips)
Seat 7: Hero (10,450 in chips)
b092cac6: posts the ante 25
61d845e: posts the ante 25
bd8fca0c: posts the ante 25
8fb9a88e: posts the ante 25
f2ce5ccb: posts the ante 25
6d2629f2: posts the ante 25
Hero: posts the ante 25
8fb9a88e: posts small blind 125
61d845e: posts big blind 250
*** HOLE CARDS ***
Dealt to 6d2629f2 
Dealt to f2ce5ccb 
Dealt to bd8fca0c 
Dealt to 8fb9a88e 
Dealt to 61d845e 
Dealt to b092cac6 
Dealt to Hero [Ah 6s]
b092cac6: raises 250 to 500
Hero: folds
6d2629f2: folds
f2ce5ccb: calls 500
bd8fca0c: folds
8fb9a88e: raises 2,426 to 2,926 and is all-in
61d845e: raises 1,089 to 4,015 and is all-in
b092cac6: calls 3,515
f2ce5ccb: raises 3,575 to 7,590 and is all-in
b092cac6: calls 249 and is all-in
Uncalled bet (3,326) returned to f2ce5ccb
f2ce5ccb: shows [Th 8h]
8fb9a88e: shows [Jd Kh]
61d845e: shows [Jc Ac]
b092cac6: shows [7d Td]
*** FLOP *** [Qs 2h 9s]
*** TURN *** [Qs 2h 9s] [6c]
*** RIVER *** [Qs 2h 9s 6c] [2s]
*** SHOWDOWN ***
61d845e collected 11,879 from pot
61d845e collected 3,267 from pot
b092cac6 collected 249 from pot
f2ce5ccb collected 249 from pot
*** SUMMARY ***
Total pot 15,644 | Rake 0 | Jackpot 0 | Bingo 0 | Fortune 0 | Tax 0
Board [Qs 2h 9s 6c 2s]
Seat 1: 6d2629f2 folded before Flop
Seat 2: f2ce5ccb showed [Th 8h] and won (249) with a pair of Twos
Seat 3: bd8fca0c (button) folded before Flop
Seat 4: 8fb9a88e (small blind) showed [Jd Kh] and lost with a pair of Twos
Seat 5: 61d845e (big blind) showed [Jc Ac] and won (15,146) with a pair of Twos
Seat 6: b092cac6 showed [7d Td] and won (249) with a pair of Twos
Seat 7: Hero folded before Flop


Poker Hand #TM93390213: Tournament #5678775, $8 Satellite to GGMasters $150, 1 Seat Hold'em No Limit - Level5(125/250) - 2026/02/01 00:29:49
Table '1' 8-max Seat #2 is the button
Seat 1: 6d2629f2 (10,740 in chips)
Seat 2: f2ce5ccb (7,640 in chips)
Seat 3: bd8fca0c (5,090 in chips)
Seat 4: 8fb9a88e (3,226 in chips)
Seat 5: 61d845e (4,065 in chips)
Seat 6: b092cac6 (9,264 in chips)
Seat 7: Hero (4,975 in chips)
b092cac6: posts the ante 25
61d845e: posts the ante 25
8fb9a88e: posts the ante 25
bd8fca0c: posts the ante 25
f2ce5ccb: posts the ante 25
6d2629f2: posts the ante 25
Hero: posts the ante 25
bd8fca0c: posts small blind 125
8fb9a88e: posts big blind 250
*** HOLE CARDS ***
Dealt to 6d2629f2 
Dealt to f2ce5ccb 
Dealt to bd8fca0c 
Dealt to 8fb9a88e 
Dealt to 61d845e 
Dealt to b092cac6 
Dealt to Hero [As Th]
61d845e: folds
b092cac6: raises 750 to 1,000
Hero: raises 3,290 to 4,290
6d2629f2: folds
f2ce5ccb: folds
bd8fca0c: folds
8fb9a88e: folds
b092cac6: calls 3,290
*** FLOP *** [Kd 7s Ts]
b092cac6: bets 4,949 and is all-in
Hero: calls 660 and is all-in
Uncalled bet (4,289) returned to b092cac6
b092cac6: shows [Qd Ad] (Ace high)
Hero: shows [As Th] (a pair of Tens)
*** TURN *** [Kd 7s Ts] [6c]
*** RIVER *** [Kd 7s Ts 6c] [8c]
*** SHOWDOWN ***
Hero collected 10,450 from pot
*** SUMMARY ***
Total pot 10,450 | Rake 0 | Jackpot 0 | Bingo 0 | Fortune 0 | Tax 0
Board [Kd 7s Ts 6c 8c]
Seat 1: 6d2629f2 folded before Flop
Seat 2: f2ce5ccb (button) folded before Flop
Seat 3: bd8fca0c (small blind) folded before Flop
Seat 4: 8fb9a88e (big blind) folded before Flop
Seat 5: 61d845e folded before Flop
Seat 6: b092cac6 showed [Qd Ad] and lost with Ace high
Seat 7: Hero showed [As Th] and won (10,450) with a pair of Tens


Poker Hand #TM93390209: Tournament #5678775, $8 Satellite to GGMasters $150, 1 Seat Hold'em No Limit - Level5(125/250) - 2026/02/01 00:29:24
Table '1' 8-max Seat #1 is the button
Seat 1: 6d2629f2 (10,765 in chips)
Seat 2: f2ce5ccb (7,915 in chips)
Seat 3: bd8fca0c (4,440 in chips)
Seat 4: 8fb9a88e (3,251 in chips)
Seat 5: 61d845e (4,090 in chips)
Seat 6: b092cac6 (9,539 in chips)
Seat 7: Hero (5,000 in chips)
b092cac6: posts the ante 25
61d845e: posts the ante 25
8fb9a88e: posts the ante 25
bd8fca0c: posts the ante 25
f2ce5ccb: posts the ante 25
6d2629f2: posts the ante 25
Hero: posts the ante 25
f2ce5ccb: posts small blind 125
bd8fca0c: posts big blind 250
*** HOLE CARDS ***
Dealt to 6d2629f2 
Dealt to f2ce5ccb 
Dealt to bd8fca0c 
Dealt to 8fb9a88e 
Dealt to 61d845e 
Dealt to b092cac6 
Dealt to Hero [2c 5s]
8fb9a88e: folds
61d845e: folds
b092cac6: calls 250
Hero: folds
6d2629f2: folds
f2ce5ccb: calls 125
bd8fca0c: raises 4,165 to 4,415 and is all-in
b092cac6: folds
f2ce5ccb: folds
Uncalled bet (4,165) returned to bd8fca0c
*** SHOWDOWN ***
bd8fca0c collected 925 from pot
*** SUMMARY ***
Total pot 925 | Rake 0 | Jackpot 0 | Bingo 0 | Fortune 0 | Tax 0
Seat 1: 6d2629f2 (button) folded before Flop
Seat 2: f2ce5ccb (small blind) folded before Flop
Seat 3: bd8fca0c (big blind) collected (925)
Seat 4: 8fb9a88e folded before Flop
Seat 5: 61d845e folded before Flop
Seat 6: b092cac6 folded before Flop
Seat 7: Hero folded before Flop


